3086 4680
649 235 862 303 ..10-

187 449 280 498 casus
303 450 321 498 e
344 437 458 499 natura
479 452 538 500 sua
559 433 697 499 maxime
720 430 854 498 idoneus
876 437 938 513 est;
962 429 1019 497 sed
1036 430 1094 497 etsi
1116 430 1320 518 disceptatur,

188 542 292 600 utrum
327 536 359 600 in
395 535 454 601 hac
487 536 721 604 constructione
749 533 951 600 statuendum
979 534 1021 600 sit
1048 536 1228 617 genetivum
1250 553 1321 601 esse

187 638 357 719 genuinum
380 658 493 722 necue,
516 637 550 704 id
572 638 774 705 manifestum
803 643 853 703 est
878 657 950 702 eum
978 638 1069 721 quasi
1092 637 1229 705 absoluti
1254 638 1321 703 vioe

186 740 274 823 fungi
295 739 390 825 idque
412 743 569 827 imprimis
584 748 689 808 aetate
712 746 785 826 post
806 739 988 806 Homerum.
1024 739 1082 806 Hic
1106 748 1211 806 autem
1235 760 1321 822 usus,

186 863 248 926 quo
281 845 482 930 participium
518 845 585 910 abit
621 846 654 910 in
691 845 874 928 genetivum
913 844 1040 910 nomine
1077 843 1175 910 alium
1213 863 1321 910 casnm

188 945 333 1029 habente,
367 965 429 1012 uon
463 946 646 1030 infrequens
680 951 740 1028 est,
774 944 831 1012 sed
867 947 1144 1031 pervagatissimus
1177 947 1253 1013 inde
1281 947 1322 1013 ab

188 1047 317 1114 Homeri
345 1048 541 1133 temporibus
569 1058 664 1132 atque
690 1049 850 1115 invenitur
876 1047 961 1133 apud
990 1068 1101 1117 omnes
1127 1049 1194 1114 iere
1221 1051 1321 1135 scrip·

187 1157 280 1217 tores.
327 1149 484 1238 Exempla
521 1151 742 1218 memorabilia
775 1171 815 1217 ex
853 1149 989 1218 Homero
1028 1159 1155 1237 sumpta
1193 1153 1323 1235 collegit

189 1252 414 1338 Classeuius¹),
436 1274 477 1320 ex
500 1255 614 1338 quibus
638 1254 730 1321 velim
754 1253 904 1322 attendas
926 1253 967 1320 ad
990 1275 1087 1320 unum
1111 1260 1133 1326 ζ
1158 1257 1235 1322 155:

602 1375 684 1458 μάλα
706 1376 760 1438 πού
783 1397 861 1463 σφισι
883 1376 977 1459 θυμὸς

416 1477 476 1543 αἰὲν
500 1479 706 1570 ε’ὑφροσὺνῃσιν
727 1482 842 1545 ἰαίνεται
865 1481 957 1545 εἵνεκα
980 1487 1049 1558 σεῖο,

416 1585 596 1651 λευσσόντων
620 1588 725 1651 τοιόνδε
747 1588 843 1658 θάλος
865 1587 952 1675 χορὸν
975 1588 1175 1674 εἰσοιχνεῦσαν.

274 1703 333 1784 Qui
358 1704 447 1773 locus
474 1708 535 1774 etsi
564 1708 731 1792 cumillis,
760 1729 838 1793 quos
867 1708 959 1775 nobis
985 1710 1206 1794 proposuimus
1239 1715 1323 1773 trac·

188 1806 313 1892 landos,
336 1810 577 1877 similitudinem
601 1811 697 1878 habet
719 1831 878 1895 magnam,
901 1819 1007 1878 tamen
1036 1812 1143 1895 aliqua
1171 1832 1210 1876 eu
1234 1819 1323 1896 parte

189 1912 230 1977 ab
264 1912 310 1978 eis
342 1910 460 1980 differt.
504 1911 632 1980 Etenim
666 1914 717 1980 bic
746 1935 869 1999 quoque
898 1919 1004 1981 exstat
1029 1915 1233 2006 participium
1260 1915 1322 1980 vim

189 2013 316 2080 videndi
340 2014 469 2098 habens,
493 2016 577 2101 quod
599 2037 728 2084 eausam
752 2017 851 2100 addit,
868 2038 924 2084 our
938 2037 1104 2104 personae,
1126 2037 1209 2101 quae
1225 2017 1322 2100 signi-

188 2115 322 2184 ficantur
344 2138 422 2185 voce
444 2121 531 2208 σφίσι,
554 2118 670 2202 gaudio
694 2119 885 2200 afficientem
907 2118 1003 2203 idem,
1027 2121 1086 2187 etsi
1102 2118 1323 2206 praecedentis

189 2224 327 2288 nominis
350 2225 436 2290 casui
460 2245 523 2291 uon
540 2231 589 2290 est
608 2224 896 2306 accommodatum,
921 2244 984 2291 nou
1007 2226 1223 2291 accusativum
1242 2225 1325 2290 sicut

189 2324 221 2389 in
245 2326 411 2411 exemplis,
434 2325 474 2393 de
497 2327 611 2410 quibus
634 2328 747 2409 agitur,
775 2328 909 2413 accepit,
932 2327 999 2410 sed,
1028 2327 1080 2412 qui
1110 2334 1323 2412 exspectatur,

189 2429 385 2512 genetivum3
410 2428 460 2495 hio
483 2448 578 2496 casus
600 2437 706 2496 autem
722 2449 760 2496 eo
775 2428 901 2495 facilius
917 2430 991 2496 ferri
1007 2436 1122 2515 potest,
1145 2449 1207 2513 quo
1223 2430 1324 2510 magis

188 2529 307 2614 pendet
334 2551 374 2597 ex
401 2532 529 2598 nomine
555 2533 657 2617 topir-
703 2530 785 2609 Quid
813 2533 939 2599 intersit
965 2538 1134 2619 praeterea
1155 2533 1240 2600 inter
1259 2530 1324 2597 Ho-

189 2635 268 2701 meri
295 2635 401 2702 locum
427 2643 462 2704 et
489 2638 572 2703 inter
598 2637 668 2704 illos
695 2658 736 2703 ex
761 2637 922 2724 Aeschylo
946 2647 978 2703 et
1000 2636 1157 2724 Sophocle
1181 2643 1323 2722 sumptos

190 2739 291 2822 qualis
315 2745 364 2806 est
385 2739 443 2806 clu.
467 2741 541 2824 398,
563 2741 766 2826 perspicuum
790 2746 856 2824 est;
880 2760 954 2807 uam
978 2739 1064 2827 apud
1086 2737 1259 2807 Homerum
1284 2739 1325 2805 de

189 2842 284 2908 tertia
305 2861 443 2928 persona
464 2843 578 2928 aliquis
600 2850 719 2926 narrat,
743 2842 829 2930 apud
850 2845 989 2926 tragicos
1004 2850 1117 2929 poetas
1133 2843 1271 2927 loquitur
1285 2840 1326 2908 de

189 2963 224 3010 ee
246 2945 316 3030 ipso
339 2944 435 3028 idem,
458 2947 511 3030 qui
533 2945 623 3012 audit
646 2946 695 3012 vel
725 2945 813 3014 videt
839 2952 872 3011 et
900 2945 994 3012 simul
1022 2946 1119 3012 animi
1143 2952 1229 3011 motu
1251 2964 1325 3031 per-

189 3047 342 3113 turbatur.
388 3045 538 3114 Omnium
577 3055 681 3114 autem
721 3049 920 3134 scriptorum,
955 3048 1006 3132 qui
1043 3054 1117 3134 post
1153 3045 1325 3118 Homerum

191 3149 273 3217 hauc
307 3151 368 3217 sibi
402 3149 564 3218 licentiam
591 3153 813 3239 permiserunt,
840 3157 877 3218 ut
904 3151 1041 3233 genetivi
1065 3150 1201 3217 absoluti
1223 3157 1324 3218 struc-

193 3259 296 3319 turam
331 3252 528 3336 adhibereut‚
562 3255 616 3320 ubi
649 3255 853 3341 participium
888 3261 1102 3320 constructum
1137 3253 1326 3339 postulatur,

191 3355 340 3443 exempla
361 3355 473 3422 afferre
501 3358 610 3423 omnia
635 3358 764 3441 longum
789 3356 878 3442 est2).
924 3355 958 3421 ld
982 3362 1032 3424 est
1053 3354 1228 3432 notandum
1251 3345 1349 3442 per?

189 3459 289 3548 ticlpii
312 3460 459 3542 genetivo
482 3459 578 3526 modo
601 3479 716 3526 nomen
739 3460 902 3546 peculiare
924 3461 1064 3525 iunctum
1089 3479 1169 3542 esse,
1196 3465 1232 3525 ut
1253 3479 1326 3545 per·

190 3579 270 3627 sona
292 3561 341 3627 vel
356 3581 407 3628 res
423 3562 471 3630 bis
492 3563 733 3647 significaretur,
749 3562 844 3630 modo
860 3563 1009 3630 deluisse.
1044 3559 1163 3639 Quodsi
1179 3563 1326 3628 iteratum

191 3669 242 3731 est
273 3683 402 3747 nomeu,
436 3665 571 3751 scriptor
605 3665 703 3732 voluit
736 3665 769 3731 id
802 3665 887 3752 quod
915 3665 1082 3752 participio
1111 3665 1328 3732 contineretur

277 3887 298 3955 ¹)
318 3886 434 3942 Classen
453 3885 470 3940 l.
489 3885 506 3942 l.
525 3903 544 3958 p
565 3889 622 3943 174.
1317 3925 1319 3932 ·

276 3972 299 4036 2)
318 3972 410 4028 omnia
427 3971 508 4028 huius
525 3973 635 4040 generis
647 3971 776 4042 exempla
789 3986 843 4030 non
855 3987 917 4028 ease
929 3971 957 4026 in
969 3970 1141 4026 annectamus
1160 3971 1328 4026 numeranda

192 4062 266 4212 {eapse
281 4056 418 4196 pppicpvit
436 4056 580 4112 Helandar
601 4058 637 4112 da
660 4073 737 4114 amc.
756 4056 924 4114 Herodoteis
949 4061 1027 4123 (acta
1047 4057 1122 4111 univ.
1140 4056 1230 4113 Laud.
1251 4056 1327 4126 1868)
