3086 4680
696 204 905 266 ..1g..

235 388 405 478 explicatio
428 387 646 472 Fleisohero¹)
670 391 771 473 magis
794 389 913 456 arridet
936 411 1029 475 quarn
1048 390 1202 456 Classeuii
1225 389 1365 454 dativum

235 491 421 565 absolutum.
436 509 506 557 esso
529 493 705 582 statuentis.
750 492 918 558 Simillima
940 498 1029 575 sunt,
1058 513 1139 577 quae
1165 491 1251 578 apud
1274 491 1366 558 Euri·

235 593 342 678 pidem
365 595 513 677 legimus:

238 695 320 778 Med,
345 699 401 774 bt:
440 696 515 761 ὥσθ’
536 698 634 785 ἵμερος
657 695 803 783 μ’ὑπήλθε
826 707 866 783 pp
888 723 919 763 τε
943 701 1073 788 κούράνῳ

442 795 524 876 λεἘαι
547 805 677 886 μελούσῃ
701 805 783 892 δεῦρο
807 806 939 889 Μηδείας
961 808 1059 893 τύχας.

237 913 269 971 et
292 906 357 990 lph.
381 908 417 973 Α,
442 911 517 973 491:
551 911 654 980 ἄλλως
675 933 706 973 τε
729 909 845 993 μ’ἔλεος
867 915 921 995 τῆς
944 913 1126 1000 ταλαιπώρου
1149 915 1236 998 κόρης

551 1015 682 1098 εἰσῆλθε,
705 1019 873 1101 συγγένειαν,
897 1018 1081 1104 ἐννοουμένῳ.

237 1115 425 1209 quamquam
439 1125 678 1194 concedendum
692 1137 740 1196 est
755 1130 807 1196 hic
822 1133 1038 1214 quaestionem
1051 1152 1120 1196 osse
1134 1128 1365 1215 impeditiorem

237 1247 289 1309 oo,
323 1227 406 1311 quod
429 1247 469 1294 oa
491 1249 561 1294 cum
586 1229 686 1296 altera
709 1233 878 1299 coniuncta
900 1241 959 1315 est,
986 1255 1066 1318 quae
1096 1240 1145 1299 est
1171 1232 1211 1296 de
1235 1231 1366 1297 elisione

239 1330 433 1413 pronominis
456 1355 516 1414 pou
540 1352 614 1398 nam
637 1333 677 1398 ab
700 1336 804 1401 verbis
827 1343 860 1401 et
883 1336 1016 1400 ὑπελθεῖν
1039 1345 1071 1402 et
1087 1337 1226 1399 εἰσελθεῖν
1242 1332 1368 1398 dativus

238 1454 359 1517 quoque
382 1434 532 1521 suspendi
556 1436 699 1520 potuit.²)
743 1437 836 1522 Apud
864 1439 1033 1506 Homerum
1058 1449 1143 1506 certe
1171 1441 1249 1504 haee
1277 1423 1366 1502 elisio

238 1534 315 1600 nihil
338 1535 433 1602 habet
454 1536 537 1620 qnod
554 1537 666 1603 mirum
686 1539 736 1620 sit,
759 1540 798 1605 ot.
823 1541 941 1621 fluor,
966 1545 989 1607 Α
1017 1544 1122 1626 1073)
1159 1543 1219 1607 Alii
1237 1546 1369 1605 censent

237 1641 339 1705 cresin
364 1660 434 1706 esce
452 1640 647 1724 faciendam,
672 1643 758 1708 velut
781 1643 1000 1730 Meinekius,⁴)
1025 1649 1075 1730 qui
1099 1647 1208 1732 scribit
1226 1641 1308 1708 Med.
1325 1643 1366 1703 57

238 1743 400 1828 pertrahite,
436 1745 494 1810 etsi
522 1743 669 1830 exempla
697 1766 758 1812 non
793 1749 1010 1830 inveniuntur,
1045 1767 1125 1830 quae
1159 1746 1370 1830 comprobent

238 1849 342 1913 cresin
364 1869 404 1912 ex
426 1846 621 1932 diphthongo
644 1873 668 1913 or
691 1858 723 1917 ot
744 1861 895 1937 sequente
911 1852 1011 1918 vocali
1035 1876 1050 1914 o
1073 1851 1199 1916 laetam
1234 1848 1371 1914 Accedit

239 1971 326 2033 uero,
346 1950 430 2035 quod
452 1952 580 2019 difficile
603 1965 652 2020 est
678 1955 871 2041 disceptatu,
901 1975 979 2040 quas
1006 1956 1093 2039 leges
1117 1953 1231 2020 Graeci
1259 1953 1369 2018 obser-

238 2051 380 2120 vaverint
401 2055 433 2120 in
457 2054 640 2123 adhibenda
661 2059 743 2124 crasi
766 2069 797 2126 et
820 2060 967 2142 elisione3
991 2081 1064 2126 nam
1089 2057 1183 2124 modo
1199 2055 1368 2138 scriptores

238 2158 299 2242 ipsi
328 2158 431 2224 orasin
455 2165 487 2224 et
509 2158 671 2226 elisionem
695 2161 851 2244 lecerunt,
880 2163 973 2229 modo
996 2164 1104 2229 lectori
1131 2160 1164 2225 id
1188 2156 1362 2224 laciendum

238 2261 472 2346 reliqueruut‚⁵)
496 2269 529 2326 nt
553 2282 614 2327 non
638 2263 679 2328 sit
700 2263 887 2330 incredibile
910 2273 1021 2349 putare
1037 2263 1219 2348 Euripidem
1241 2258 1366 2344 quidem

238 2365 343 2448 ipsum
364 2364 497 2429 formam
520 2387 566 2447 pou
589 2365 658 2429 sine
681 2365 762 2428 crasi
787 2365 836 2428 vel
852 2365 983 2430 elisione
1000 2367 1153 2449 posuisse,
1176 2363 1367 2448 posteriores

237 2468 382 2533 librarios
405 2467 533 2532 demum
557 2467 722 2533 elisionem
746 2465 843 2531 dativi
867 2490 913 2549 por
939 2467 1093 2532 effecisse.
1137 2465 1201 2532 Sed
1230 2465 1261 2531 id
1290 2484 1367 2549 quo·

239 2571 332 2636 ruodo
366 2568 600 2654 expediendum
636 2570 686 2651 sit,
709 2568 781 2636 aliis
810 2570 951 2655 relinquo
975 2569 1204 2636 dilaniandum.
1250 2568 1368 2647 Quodsi

237 2675 369 2739 formam
393 2670 423 2755 μ’
448 2691 510 2736 non
534 2680 638 2757 potest
659 2671 799 2755 intellegi
817 2673 875 2739 nisi
892 2674 1071 2739 accusativo
1088 2674 1245 2759 suppleto,
1261 2679 1368 2738 temen

238 2777 368 2844 offensio
406 2776 640 2861 discrepantiae
678 2795 823 2859 casuum,
862 2797 942 2862 quae
980 2787 1027 2843 est
1064 2779 1146 2843 inter
1183 2797 1298 2843 nomen
1336 2783 1370 2842 et

241 2880 458 2966 participium,
492 2879 590 2944 multo
619 2877 736 2944 lenitur
762 2879 810 2944 vel
838 2879 971 2961 tollitur,
1006 2879 1105 2964 quod,
1142 2881 1262 2945 utiam
1292 2878 1368 2962 dixi,

240 2982 434 3067 praecedens
458 2982 585 3046 verbum
610 2987 641 3046 et
668 2980 808 3048 dativum
837 2989 869 3047 et
896 2985 1110 3048 accusativum
1139 3003 1244 3049 secum
1274 2982 1370 3046 habet

239 3105 444 3116 *nna-*na-

325 3154 345 3221 ¹)
364 3152 513 3218 Flelscher,
537 3152 572 3208 de
594 3151 749 3222 primordiis
773 3153 873 3207 Graeci
897 3169 955 3208 acc.
979 3170 1001 3208 c.
1025 3154 1073 3208 int.
1097 3169 1131 3212 ac
1153 3149 1284 3221 peculiari
1308 3150 1366 3202 eins

238 3255 289 3292 usn
307 3238 455 3292 Homerico
475 3239 542 3292 1870
559 3254 577 3308 p
595 3241 637 3294 71.

279 3329 283 3336 ’
323 3323 345 3391 ²)
365 3324 410 3378 cui
427 3323 535 3378 videtur
553 3324 660 3378 alienus
678 3323 786 3378 dativus
805 3325 888 3378 verbo
906 3323 1042 3378 εἰσελθεῖν
1059 3326 1178 3388 iunctus,
1200 3322 1223 3375 is
1247 3319 1372 3376 conferat

239 3410 320 3464 velim
339 3411 368 3466 S.
386 3409 419 3465 0.
438 3410 469 3466 d.
487 3411 537 3464 372
556 3408 692 3482 [similiter
716 3409 857 3481 ἐμβαίνειν
882 3412 1055 3465 coniunctum
1084 3415 1127 3461 est
1153 3423 1213 3461 oum
1239 3406 1277 3464 εἰς
1300 3405 1371 3459 Xen.

240 3497 301 3565 (lyr.
321 3495 357 3551 ΙΙ.
380 3499 400 3550 l.
422 3495 473 3568 15].

325 3582 346 3647 ⁸)
365 3580 465 3646 Christ,
484 3580 587 3636 Metrilr
611 3580 660 3634 der
682 3580 792 3636 Grieeh.
819 3599 845 3637 n.
871 3582 949 3636 Rom.
973 3579 1056 3649 p36;
1084 3577 1201 3631 sanilam
1228 3575 1371 3630 elisionem

239 3667 402 3738 diphthongi
420 3686 445 3720 οι
462 3666 585 3722 nonnulli
607 3666 660 3720 sibi
679 3666 806 3722 videntur
824 3667 962 3722 invenisse
982 3665 1053 3735 apud
1073 3663 1156 3733 Soph.
1175 3663 1222 3719 Αἱ.
1245 3664 1299 3727 191,
1318 3678 1371 3730 quo

240 3752 301 3806 loco
321 3753 408 3806 forms
425 3751 453 3821 μ’
471 3752 538 3806 nihil
557 3750 630 3805 aliud
649 3757 693 3806 est
710 3753 762 3806 nisi
780 3768 816 3822 με
835 3753 881 3818 (cf.
902 3751 1064 3816 Trswinslri,
1084 3751 1118 3804 de
1137 3765 1230 3804 accus.
1244 3765 1279 3802 ex
1293 3748 1372 3816 phra-

240 3837 316 3891 sibus
335 3842 401 3906 apto
424 3853 466 3907 ap.
484 3841 554 3906 trag.
577 3853 617 3907 gr.
637 3839 703 3892 1865
721 3854 740 3907 p
757 3837 800 3892 32.
835 3837 863 3892 M
892 3831 1018 3905 Bbttger,
1040 3835 1074 3890 de
1099 3833 1230 3902 singulari
1253 3831 1371 3901 quedam

240 3922 315 3978 verbi
329 3923 486 3994 periphrasi
505 3939 548 3994 ap.
567 3921 651 3992 Soph.
673 3921 747 3977 1879.
764 3939 783 3991 p
802 3922 844 3977 23.

278 4057 282 4064 .
325 4007 346 4075 ⁴)
366 4008 463 4076 fragm.
482 4009 577 4062 comio.
595 4023 686 4077 graec.
706 4005 757 4061 IV.
776 4024 794 4076 p
812 4009 853 4060 27.

325 4095 347 4159 ὅ)
369 4094 551 4160 Wilamovitc,
569 4099 675 4164 quaest
694 4092 787 4163 philol.
808 4093 857 4145 tx.
876 4108 893 4160 p
911 4093 934 4143 6.
