3086 4680
658 239 871 302 ...11-

196 427 335 493 maxime
360 425 512 511 efferri¹);
544 429 717 511 siminus,
745 429 803 494 etri
830 447 948 494 nomeu
975 448 1017 494 ox
1043 427 1219 494 sententiae
1246 447 1329 494 nexu

195 529 290 596 facile
322 537 427 616 potest
454 531 626 614 subaudiri,
660 531 863 617 participium
897 531 1058 599 notionem
1092 550 1329 614 nonnumquam

196 633 320 719 aceepit
340 633 533 716 generalem.
566 632 620 717 Ut,
643 633 838 719 quodmodo
862 633 938 718 dixi,
962 633 1084 701 firmem
1108 633 1272 720 exemplis,
1296 635 1329 699 in

196 735 347 821 Aeschyli
370 736 611 820 Agamemnone
627 735 883 822 Clytaemnestra
898 737 1065 820 coniugem
1080 757 1170 804 suum
1188 736 1331 823 appellat

197 837 238 922 (v.
263 839 326 902 932
349 838 405 922 K):
444 841 491 903 καὶ
514 847 566 906 σοῦ
589 841 729 924 μολόντος
751 841 901 924 δωματῖτιν
924 840 1019 904 ἑστίαν

444 946 560 1016 θάλπος
583 945 636 1030 μὲν
659 947 688 1010 ἐν
711 951 827 1032 χειμῶνι
850 948 997 1030 σημαίνεις
1020 943 1129 1028 μολὼν.

282 1047 371 1116 llaec
387 1049 534 1132 leguntur
553 1052 586 1115 iu
602 1049 712 1116 codice
728 1050 826 1134 Mod.;
843 1050 1027 1123 sive-forma
1039 1047 1142 1133 ’μολὼν
1157 1049 1223 1116 sive
1240 1050 1330 1133 μολὸν

196 1154 379 1238 antefertur,
401 1156 566 1238 genetivus
588 1155 751 1222 abavolutu
774 1175 838 1220 uon
862 1155 982 1221 tollitur
1003 1156 1092 1239 isque
1107 1155 1248 1240 ponitur,
1271 1156 1331 1221 etsi

195 1277 312 1324 nomen
324 1275 389 1324 non
400 1256 503 1342 deest,
516 1277 577 1342 quo
589 1256 789 1324 referendum
802 1259 842 1323 sit
854 1257 1065 1343 participium.
1080 1256 1144 1323 Sed
1157 1257 1216 1323 hac
1228 1263 1330 1324 struc-

196 1367 269 1426 tura
290 1367 364 1447 apte
386 1360 581 1444 significatur
596 1369 691 1446 atque
706 1359 894 1427 describitur
910 1379 1059 1442 maguum
1075 1360 1153 1426 illud
1168 1361 1330 1443 gaudium,

197 1463 321 1531 etamsi
342 1462 461 1547 lictum,
485 1462 568 1547 quod
594 1464 816 1546 Agamemnon
843 1463 973 1530 domum
999 1483 1144 1530 reversus
1170 1465 1330 1529 excitavit.

197 1603 238 1612 -
250 1564 310 1643 Qui
321 1585 407 1650 vero,
420 1566 505 1632 velut
519 1564 709 1650 Hartaius²)‚
725 1565 817 1633 affert
831 1587 871 1632 ex
882 1565 1043 1652 Aeschylo
1058 1564 1137 1630 illud
1155 1565 1213 1647 Ag.
1232 1567 1330 1631 1375:

920 1669 998 1753 λεήω
1021 1669 1052 1732 δέ
1076 1691 1119 1732 σοι

401 1775 508 1839 τοιαῦτ’
532 1775 665 1852 ἀπειλεῖν,
690 1775 731 1846 ὡς
753 1779 1022 1864 παρεσκευασμένης

403 1881 435 1944 ἐκ
458 1888 516 1944 κῶν
540 1883 655 1964 ὁμοίων,
678 1883 750 1971 χειρὶ
772 1879 915 1968 νικήσαντ’
940 1882 1010 1965 ἐμοῦ
1033 1884 1138 1968 ἄρχειν.

197 1983 225 2047 is
248 1984 474 2070 vituperandus
497 1993 560 2066 est3
584 1985 615 2051 hi
639 2005 759 2069 versus,
783 1987 925 2070 quamvis
949 1986 1055 2050 multis
1071 1986 1135 2051 sint
1150 1984 1332 2050 mutationi

199 2084 256 2151 bus
282 2088 437 2173 temptati,
471 2089 541 2154 sani
575 2094 649 2154 suut
682 2105 785 2172 neque
811 2087 865 2153 ille
893 2107 1001 2154 versus
1031 2087 1114 2151 1376
1142 2094 1191 2153 est
1222 2085 1332 2152 deleo·

197 2186 257 2254 dus
291 2207 363 2254 cum
392 2187 518 2272 Engero
546 2197 579 2256 ct
607 2189 815 2273 Diodorfio³).
860 2188 1032 2256 Genetivus
1059 2193 1332 2279 παρεσκευασμένης

198 2301 304 2360 autem
331 2303 403 2380 post
427 2295 559 2362 verbum
585 2298 663 2381 Atqu
691 2296 812 2382 positus
841 2293 1048 2362 offensionem
1079 2295 1173 2361 habet
1201 2295 1332 2380 nullam,

199 2401 258 2466 etsi
280 2398 322 2466 ad
348 2420 444 2466 uuam
472 2400 672 2486 eandemque
698 2419 869 2487 personam
896 2399 980 2466 duae
1001 2408 1149 2486 spectant
1170 2402 1332 2484 notiones;

198 2523 273 2569 nam
295 2504 499 2593 participium
521 2505 699 2572 sententiae
720 2502 930 2572 secundariae
957 2523 996 2569 ex
1024 2503 1122 2570 verbo
1148 2505 1226 2589 teo
1252 2524 1333 2590 peu·

200 2607 287 2676 deuti
309 2608 470 2676 adnexum
492 2618 550 2677 est
580 2608 676 2687 ‘Quae
698 2611 794 2693 igitur
816 2609 880 2674 alia
901 2615 1006 2694 potest
1027 2609 1130 2675 forma
1152 2611 1331 2696 exspectari

198 2713 258 2779 uisi
291 2713 468 2797 genetivus,
502 2714 650 2797 quoniam
684 2711 883 2778 adverbum
911 2713 1034 2777 ἀπειλεῖν
1061 2731 1195 2797 nempe,
1219 2712 1333 2782 sedoe

198 2819 287 2901 quasi
310 2818 486 2886 subiectum
509 2823 558 2885 est
580 2816 815 2904 supplendum?

283 2919 370 2988 lllius
403 2928 510 2987 autem
545 2921 675 2988 alterius
712 2921 854 3004 generis,
893 2920 977 3005 quod
1010 2919 1141 2988 exhibet
1173 2921 1333 3007 participii

196 3025 377 3106 genetivum
400 3024 580 3090 absolutum
601 3023 731 3093 nomine
753 3043 816 3089 uon
833 3024 978 3110 repetito,
1001 3023 1182 3109 exemplum
1197 3022 1333 3106 legimus

198 3127 283 3212 apud
305 3126 498 3212 Aeschylum
521 3125 657 3208 nullum;
681 3125 774 3210 quale
797 3132 847 3193 est
868 3125 943 3192 Eur.
966 3125 1038 3191 Hel.
1062 3126 1118 3190 οδε

403 3232 428 3292 τί
450 3229 513 3315 δῆτ’
538 3230 576 3293 ἔτι
600 3234 661 3312 {dg
684 3231 755 3292 θεοῦ
779 3229 837 3292 rod’
862 3226 1005 3315 elor'ynooo’
1028 3229 1096 3300 ἔπος

282 3347 285 3353 ’
400 3336 522 3423 Ἑρμοῦ,
546 3336 577 3398 τὸ
601 3335 711 3398 κλεινὸν
735 3333 806 3419 μ’ἕτι
829 3339 1006 3420 κατοικήσειν
1029 3335 1113 3397 πέδον

404 3441 541 3530 Σπάρτης
563 3439 614 3504 σὺν
637 3441 725 3529 ἀνδρὶ,
749 3445 864 3525 ηνόντος
887 3441 928 3512 ὡς
950 3441 981 3512 ἐς
998 3438 1083 3504 Ἴλιον

407 3547 458 3610 οὐκ
481 3547 586 3631 ἦλθον,
608 3547 655 3610 ἵνα
678 3547 720 3632 μὴ
742 3546 840 3635 λέκτρ’
854 3545 1029 3634 ὑποστρώσω
1052 3546 1112 3610 τινί.

285 3720 305 3787 ¹)
323 3718 445 3788 iladvig,
464 3724 535 3789 synt.
553 3734 644 3788 graec
663 3718 707 3777 ed.
726 3719 764 3774 IL
781 3735 800 3789 p
818 3719 877 3775 220.

282 3807 304 3877 A)
323 3807 358 3863 de
376 3807 549 3863 anacoluthis
567 3824 610 3879 ap.
630 3807 799 3878 Aeschylum
818 3812 847 3862 et
864 3807 948 3880 Soph.
968 3807 1034 3862 1856
1052 3823 1080 3877 p.
1101 3807 1140 3862 13.

284 3893 306 3963 Β)
324 3909 438 3964 quornm
456 3893 595 3948 sententia
611 3893 677 3948 tulit
690 3891 796 3946 Wolffii
809 3907 917 3963 quoque
932 3892 1015 3961 [anal.
1026 3891 1158 3960 Aeschyl.
1173 3892 1253 3946 Boou
1269 3890 1330 3945 1881

198 3996 226 4050 p.
243 3980 286 4049 26]
314 3995 465 4047 assensum,
495 3980 541 4049 qui
567 3979 650 4033 etiam
677 3979 802 4034 diverbia
824 3979 852 4032 iu
869 3982 959 4034 certos
977 3993 1038 4033 asae
1056 3978 1167 4032 ordlues
1186 3978 1335 4033 distributa

198 4065 266 4130 vult,
284 4065 313 4120 id
335 4080 389 4135 quo
412 4065 479 4120 uidil
501 4065 591 4133 magia
613 4078 772 4132 perversum
790 4078 853 4118 esse
870 4067 972 4135 potest.
1000 4062 1163 4118 Weolrliuus
1181 4077 1289 4132 quoqne
1308 4079 1332 4116 v.

200 4153 266 4205 1876
286 4167 346 4206 ease
365 4150 511 4206 delendum
529 4154 619 4220 putat.
636 4151 681 4220 [ci.
700 4150 759 4205 eius
778 4149 845 4206 edit.
864 4148 999 4206 Orestiae.
1029 4149 1115 4220 1888]
