3086 4680
652 252 862 318 „27.„

397 434 477 519 ἔδοξέ
501 469 546 530 ρον
569 445 610 529 μὴ
634 452 707 529 circ,
731 445 793 532 πρὶν
817 444 954 531 φράσαιμί
977 465 1029 517 σοι,

397 551 445 614 τόν
468 553 556 616 πλοῦν
579 552 727 626 ποιεῖσθαι,
750 552 935 637 προστυχόντι
957 554 1014 610 τῶν
1036 547 1116 610 ἴσων.
1126 549 1149 632 ¹)

191 656 280 721 cuius
302 657 428 737 generis
452 665 525 722 sunt
548 657 719 721 maximam
744 661 865 740 partem
895 651 1054 737 exempla,
1082 669 1162 734 quae
1191 651 1324 732 legimus

191 758 276 843 apud
301 757 533 844 Euripidem32)
558 758 666 824 confer
688 755 777 842 Cycl.
800 758 879 820 329:

398 863 465 925 όταν
487 861 519 925 δέ
542 861 644 950 βορέας
666 865 748 947 χιόνα
771 860 895 947 Θρῄκιος
916 863 972 947 χέῃ

397 968 504 1055 δοροῖσι
526 970 629 1056 θηρῶν
653 973 739 1050 σῶμα
762 964 925 1052 περιβαλὼν
948 966 1016 1049 ἐμόν

398 1075 520 1162 καὶπῦρ
544 1075 681 1150 inuitas,
704 1076 797 1160 χιόνος
819 1071 899 1134 οὐδέν
922 1095 967 1154 μοι
991 1072 1079 1154 μέλει.

192 1176 252 1243 vel.
277 1177 371 1263 Hipp.
394 1181 451 1244 22:
763 1179 798 1241 τοὶ
821 1177 919 1248 πολλοὶ
941 1174 973 1238 a

398 1282 487 1345 πάλαι
510 1282 679 1370 προκόψασ’,
704 1281 736 1345 οὐ
759 1285 844 1345 πόνου
867 1282 978 1344 πολλοῦ
1001 1304 1037 1364 με
1060 1283 1109 1344 δεῖ.

192 1394 287 1468 atquo
302 1405 373 1452 raro
390 1387 519 1469 attingit
533 1386 619 1452 illam
636 1385 787 1471 Aeschyli
803 1387 1000 1468 gravitatem,
1025 1386 1109 1451 velut
1125 1386 1232 1452 Phoen
1248 1389 1325 1452 283:

400 1490 518 1572 μέλλων
540 1487 571 1552 δέ
593 1491 709 1571 πέμπειν
732 1485 762 1572 ρ’
776 1487 891 1552 Οἰδίπου
915 1489 1025 1558 κλεινός
1047 1493 1128 1572 χόνος

401 1603 518 1678 μαντεῖα
540 1596 631 1678 ospaci
654 1585 758 1667 Λοξίου
781 1593 806 1656 τ’
820 1591 863 1657 ἐπ’
876 1593 1011 1682 ἐσχάρας,

400 1699 429 1762 ἐν
452 1694 527 1785 παῖδ’
541 1700 765 1786 ἐπεστράτευσαν
783 1697 903 1786 Ἀργεῖοι
925 1700 1015 1762 πόλιν.

280 1801 453 1869 Remissior
486 1813 591 1870 eutem
626 1805 729 1869 oratio
763 1823 801 1869 eo
835 1804 975 1868 maxime
1008 1803 1205 1887 perspicitur,
1243 1800 1326 1884 quod

193 1904 284 1969 initio
321 1906 533 1972 nominativus
572 1906 730 1991 participii
770 1913 888 1988 exstat,
926 1904 1093 1970 intervallo
1131 1923 1193 1970 non
1232 1904 1326 1985 longo

195 2007 359 2073 interiecto
387 2009 515 2074 verbum
546 2009 667 2074 linitum
695 2010 849 2092 sequitur,
883 2007 982 2091 quod,
1017 2010 1075 2074 etsi
1104 2006 1238 2072 eandem
1262 2008 1326 2072 uim

197 2107 291 2174 hahet
317 2119 410 2194 atque
437 2111 566 2177 verbum
594 2110 678 2195 quod
705 2118 916 2197 exspectatur,
945 2130 965 2176 a
992 2110 1094 2176 lorma
1128 2131 1189 2176 non
1224 2118 1328 2196 potest

72 2207 90 2232 ⁸
195 2213 341 2293 coniungi
370 2234 440 2278 cum
468 2213 680 2298 praecedente
708 2215 844 2280 nomine.
890 2215 992 2297 Atque
1015 2212 1048 2278 id
1076 2215 1267 2298 conspicitur
1294 2215 1325 2276 in

194 2314 350 2400 exemplis
384 2337 424 2381 ex
457 2337 551 2403 prosa
584 2317 728 2384 oratione
761 2317 918 2402 petitis3³l
958 2337 1038 2400 quae
1071 2323 1226 2382 structura
1259 2317 1328 2382 sia

193 2414 405 2502 Xenophonte
428 2421 583 2505 imprimis
604 2407 748 2485 'adhibita
773 2427 835 2502 est,
869 2440 932 2486 non
966 2429 1015 2486 est
1047 2419 1176 2499 mirum,
1211 2419 1327 2503 quippe

194 2539 276 2603 quae
304 2530 519 2588 consentanea
551 2525 593 2589 sit
625 2525 693 2589 eius
727 2523 870 2605 ingeni03
907 2522 1081 2605 singularia
1115 2532 1220 2590 eutem
1254 2528 1328 2586 sunt

193 2620 278 2688 Hell.
303 2621 338 2688 ll.
363 2626 393 2690 3.
416 2627 488 2710 54⁴)
515 2634 547 2691 et
569 2624 642 2710 (lyr.
665 2623 717 2689 IV.
743 2625 772 2688 6.
796 2627 827 2707 3,
849 2625 902 2690 uhi
926 2626 1061 2710 scriptor
1092 2625 1205 2689 iterum
1233 2631 1327 2707 atque

193 2744 400 2754 -—-—-.—........

283 2793 562 2864 ¹)quod1llneleins
586 2794 659 2866 [adn.
682 2796 718 2849 ad
741 2794 768 2849 S.
788 2793 820 2848 Ο.
839 2795 872 2848 R.
896 2794 939 2862 60]
968 2795 1020 2848 huc
1042 2793 1217 2848 referendum
1240 2793 1326 2857 duxit,

195 2895 249 2934 non
269 2883 313 2933 est
331 2881 517 2947 referendum
536 2896 599 2937 nem
617 2881 646 2934 ln
663 2881 755 2935 verbis
774 2880 805 2935 0.
824 2881 858 2936 R.
877 2880 924 2934 60:

402 2973 502 3020 νυσεῒτε
518 2966 623 3033 πάντες,
642 2965 688 3018 καὶ
706 2968 852 3031 νοσοῦντες,
871 2963 907 3026 ὥς
924 2964 989 3035 ἐγώ,

401 3047 450 3106 ule
467 3051 539 3106 ἔστιν
554 3051 642 3123 ὑμῶν,
662 3049 730 3113 ὅστις
747 3051 776 3116 ἐξ
793 3054 852 3106 ἴσου
871 3057 951 3106 νοσεῖ.

194 3137 368 3208 participium
395 3138 481 3192 habet
506 3153 605 3194 nomen
633 3154 711 3194 suum
740 3138 824 3207 idque
852 3138 947 3192 eodem
971 3153 1050 3200 οπεος
1073 3137 1233 3206 exprimitur
1255 3137 1327 3190 enim

194 3223 384 3278 enuntiatione
402 3224 526 3289 relativa,
544 3241 616 3294 quae
634 3225 714 3294 quasi
732 3225 760 3278 iu
779 3224 833 3278 vim
852 3223 1020 3294 pronominis
1038 3216 1126 3282 οὐδεὶς
1138 3223 1209 3290 ahit3
1229 3221 1327 3292 quodsi

194 3309 266 3362 heec
284 3309 371 3364 torma
389 3310 517 3378 negetive
535 3314 564 3364 et
580 3309 756 3380 participium
774 3310 921 3374 νοσοῦντες,
940 3308 975 3362 ad
994 3308 1066 3378 qnod
1079 3307 1200 3377 positiva
1213 3323 1327 3377 exspec-

194 3397 278 3460 tatur,
297 3394 424 3448 inunum
443 3395 525 3464 quasi
542 3395 749 3464 coniunguntur,
768 3411 822 3448 non
841 3400 885 3449 eet
908 3409 956 3448 cur
978 3393 1152 3458 admiremur;
1181 3392 1269 3447 simile
1287 3395 1326 3447 in·

194 3479 319 3533 venimus
342 3480 413 3550 apud
435 3479 507 3535 Xon.
526 3479 599 3536 Hell
618 3481 655 3536 ll.
674 3481 698 3535 2.
716 3482 745 3535 3:
774 3477 835 3533 ὥστ’
853 3479 957 3543 ἐκεῖνος
977 3480 1022 3542 τῆς
1044 3477 1135 3537 νυκτός
1154 3472 1240 3537 οὐδεὶς
1257 3477 1328 3531 ἐκοι-

193 3562 278 3633 μήθη,
298 3564 329 3618 οὐ
347 3565 434 3634 μόνον
450 3565 509 3625 νοός
531 3562 699 3626 ἀπολωλότας
716 3567 881 3626 πενθοῦντος
898 3564 943 3620 vel
960 3565 1033 3636 apud
1052 3564 1217 3634 Sophoclem
1235 3565 1326 3634 ipsum

193 3651 224 3704 lu
242 3651 311 3708 Ant.
329 3653 408 3708 1022:

402 3734 460 3793 οὐδ’
479 3737 551 3810 ὄρνις
568 3734 701 3811 εὐσήμους
720 3735 898 3811 ἀπορροιβδεῖ
911 3739 976 3809 βοός

402 3820 597 3896 ἀνδροφθόρου
615 3828 744 3897 βεβρῶτες
763 3825 874 3895 αἵματος
892 3825 974 3885 λίπος.

281 3909 302 3979 ⁹)
321 3911 409 3978 Koch,
428 3911 463 3965 de
482 3911 588 3968 anacol.
607 3928 650 3984 ap;
670 3912 828 3983 Euripidem
846 3929 864 3981 p
883 3914 916 3966 34
935 3927 994 3981 sqq.

281 3996 302 4065 θ)
321 4012 408 4066 neque
430 3998 503 4069 apud
526 3993 741 4068 Aristophanem
763 3998 843 4052 huius
867 3996 976 4051 dicendi
999 3993 1108 4065 generis
1133 3996 1259 4065 exempla
1280 3995 1326 4049 det

195 4086 267 4147 sunt,
287 4081 319 4138 cf.
338 4083 410 4138 Ach.
430 4085 504 4139 1165.
723 4079 727 4085 ⁸

281 4169 302 4238 ⁴)
322 4185 437 4238 quocum
457 4172 518 4226 loeo
538 4171 738 4243 comparandus
758 4175 801 4228 eet
819 4167 1009 4242 'l‘hueydideus
1028 4171 1052 4233 3,
1070 4169 1112 4224 43.
1131 4171 1155 4225 3.
