<?xml version="1.0" encoding="UTF-8"?>
<!DOCTYPE html PUBLIC "-//W3C//DTD XHTML 1.0 Transitional//EN"
    "http://www.w3.org/TR/xhtml1/DTD/xhtml1-transitional.dtd">
<html xmlns="http://www.w3.org/1999/xhtml" xml:lang="en" lang="en">
 <head>
  <title>
</title>
<meta http-equiv="Content-Type" content="text/html;charset=utf-8" />
  <meta name='ocr-system' content='tesseract 3.04.00' />
  <meta name='ocr-capabilities' content='ocr_page ocr_carea ocr_par ocr_line ocrx_word'/>
</head>
<body>
  <div class='ocr_page' id='page_1' title='image "./deproprietatequ00haeugoog_0058.png"; bbox 0 0 3086 4680; ppageno 0'>
   <div class='ocr_carea' id='block_1_1' title="bbox 645 263 856 334">
    <p class='ocr_par' dir='ltr' id='par_1_1' title="bbox 645 263 856 334">
     <span class='ocr_line' id='line_1_1' title="bbox 645 263 856 334; baseline 0 -18"><span class='ocrx_word' id='word_1_1' title='bbox 645 263 856 334; x_wconf 39' lang='lat'><strong>*49*</strong></span> 
     </span>
    </p>
   </div>
   <div class='ocr_carea' id='block_1_2' title="bbox 181 454 1376 3593">
    <p class='ocr_par' dir='ltr' id='par_1_2' title="bbox 181 454 1322 860">
     <span class='ocr_line' id='line_1_2' title="bbox 181 454 1320 548; baseline -0.004 -17"><span class='ocrx_word' id='word_1_2' title='bbox 181 468 229 532; x_wconf 86' lang='lat' dir='ltr'><strong>ita</strong></span> <span class='ocrx_word' id='word_1_3' title='bbox 251 464 324 548; x_wconf 89' lang='lat' dir='ltr'><strong>siut,</strong></span> <span class='ocrx_word' id='word_1_4' title='bbox 348 464 380 530; x_wconf 90' lang='lat' dir='ltr'><strong>in</strong></span> <span class='ocrx_word' id='word_1_5' title='bbox 403 463 518 529; x_wconf 81' lang='lat' dir='ltr'><strong>lacuna</strong></span> <span class='ocrx_word' id='word_1_6' title='bbox 538 467 615 547; x_wconf 92' lang='lat' dir='ltr'><strong>puto</strong></span> <span class='ocrx_word' id='word_1_7' title='bbox 639 457 761 545; x_wconf 91' lang='lat' dir='ltr'><strong>aliquid</strong></span> <span class='ocrx_word' id='word_1_8' title='bbox 782 459 888 542; x_wconf 87' lang='lat' dir='ltr'><strong>fuisse,</strong></span> <span class='ocrx_word' id='word_1_9' title='bbox 911 454 995 523; x_wconf 89' lang='lat' dir='ltr'><strong>unde</strong></span> <span class='ocrx_word' id='word_1_10' title='bbox 1012 457 1210 524; x_wconf 73' lang='lat' dir='ltr'><strong>aecusativus</strong></span> <span class='ocrx_word' id='word_1_11' title='bbox 1230 471 1320 542; x_wconf 79' lang='lat' dir='ltr'><strong>rage-</strong></span> 
     </span>
     <span class='ocr_line' id='line_1_3' title="bbox 183 561 1322 652; baseline -0.005 -17"><span class='ocrx_word' id='word_1_12' title='bbox 183 577 283 652; x_wconf 77' lang='lat' dir='ltr'><strong>retur3</strong></span> <span class='ocrx_word' id='word_1_13' title='bbox 319 566 403 633; x_wconf 87' lang='lat' dir='ltr'><strong>haud</strong></span> <span class='ocrx_word' id='word_1_14' title='bbox 437 567 504 633; x_wconf 90' lang='lat' dir='ltr'><strong>soio</strong></span> <span class='ocrx_word' id='word_1_15' title='bbox 537 586 578 632; x_wconf 88' lang='lat' dir='ltr'><strong>an</strong></span> <span class='ocrx_word' id='word_1_16' title='bbox 613 563 795 631; x_wconf 90' lang='lat' dir='ltr'><strong>infinitivus.</strong></span> <span class='ocrx_word' id='word_1_17' title='bbox 840 561 950 646; x_wconf 88' lang='lat' dir='ltr'><strong>Itaque</strong></span> <span class='ocrx_word' id='word_1_18' title='bbox 981 561 1032 628; x_wconf 87' lang='lat' dir='ltr'><strong>hio</strong></span> <span class='ocrx_word' id='word_1_19' title='bbox 1065 561 1244 630; x_wconf 85' lang='lat' dir='ltr'><strong>loeusnou</strong></span> <span class='ocrx_word' id='word_1_20' title='bbox 1272 567 1322 629; x_wconf 87' lang='lat' dir='ltr'><strong>est</strong></span> 
     </span>
     <span class='ocr_line' id='line_1_4' title="bbox 183 661 1322 760; baseline -0.008 -21"><span class='ocrx_word' id='word_1_21' title='bbox 183 670 380 753; x_wconf 80' lang='lat' dir='ltr'><strong>afferendus,</strong></span> <span class='ocrx_word' id='word_1_22' title='bbox 410 671 528 757; x_wconf 90' lang='lat' dir='ltr'><strong>quippe</strong></span> <span class='ocrx_word' id='word_1_23' title='bbox 555 661 643 735; x_wconf 88' lang='lat' dir='ltr'><strong>ouius</strong></span> <span class='ocrx_word' id='word_1_24' title='bbox 660 674 762 760; x_wconf 83' lang='lat' dir='ltr'><strong>tenor</strong></span> <span class='ocrx_word' id='word_1_25' title='bbox 789 685 917 754; x_wconf 80' lang='lat' dir='ltr'><strong>prorsus</strong></span> <span class='ocrx_word' id='word_1_26' title='bbox 945 665 1025 732; x_wconf 87' lang='lat' dir='ltr'><strong>alius</strong></span> <span class='ocrx_word' id='word_1_27' title='bbox 1052 666 1177 749; x_wconf 80' lang='lat' dir='ltr'><strong>generis</strong></span> <span class='ocrx_word' id='word_1_28' title='bbox 1204 667 1259 747; x_wconf 87' lang='lat' dir='ltr'><strong>sit,</strong></span> <span class='ocrx_word' id='word_1_29' title='bbox 1288 672 1322 730; x_wconf 87' lang='lat' dir='ltr'><strong>ut</strong></span> 
     </span>
     <span class='ocr_line' id='line_1_5' title="bbox 185 763 1322 860; baseline -0.007 -18"><span class='ocrx_word' id='word_1_30' title='bbox 185 777 236 842; x_wconf 85' lang='lat' dir='ltr'><strong>vix</strong></span> <span class='ocrx_word' id='word_1_31' title='bbox 259 781 460 860; x_wconf 80' lang='lat' dir='ltr'><strong>comparetur</strong></span> <span class='ocrx_word' id='word_1_32' title='bbox 482 793 554 840; x_wconf 84' lang='lat' dir='ltr'><strong>oum</strong></span> <span class='ocrx_word' id='word_1_33' title='bbox 576 772 677 839; x_wconf 88' lang='lat' dir='ltr'><strong>tribus</strong></span> <span class='ocrx_word' id='word_1_34' title='bbox 693 763 755 838; x_wconf 86' lang='lat' dir='ltr'><strong>illis</strong></span> <span class='ocrx_word' id='word_1_35' title='bbox 770 771 849 838; x_wconf 86' lang='lat' dir='ltr'><strong>loeis</strong></span> <span class='ocrx_word' id='word_1_36' title='bbox 866 769 953 836; x_wconf 89' lang='lat' dir='ltr'><strong>velut</strong></span> <span class='ocrx_word' id='word_1_37' title='bbox 968 767 1016 834; x_wconf 84' lang='lat' dir='ltr'><strong>El.</strong></span> <span class='ocrx_word' id='word_1_38' title='bbox 1033 770 1096 833; x_wconf 84' lang='grc'><strong>479</strong></span> <span class='ocrx_word' id='word_1_39' title='bbox 1111 767 1162 834; x_wconf 86' lang='lat' dir='ltr'><strong>vel</strong></span> <span class='ocrx_word' id='word_1_40' title='bbox 1178 767 1233 834; x_wconf 84' lang='lat' dir='ltr'><strong>Oh.</strong></span> <span class='ocrx_word' id='word_1_41' title='bbox 1247 769 1322 834; x_wconf 83' lang='lat'><strong>399.</strong></span> 
     </span>
    </p>

    <p class='ocr_par' dir='ltr' id='par_1_3' title="bbox 185 869 1376 1675">
     <span class='ocr_line' id='line_1_6' title="bbox 271 869 1322 960; baseline -0.009 -15"><span class='ocrx_word' id='word_1_42' title='bbox 271 877 337 945; x_wconf 87' lang='lat' dir='ltr'><strong>Hos</strong></span> <span class='ocrx_word' id='word_1_43' title='bbox 359 877 455 960; x_wconf 82' lang='lat' dir='ltr'><strong>igitur</strong></span> <span class='ocrx_word' id='word_1_44' title='bbox 476 876 564 943; x_wconf 82' lang='lat' dir='ltr'><strong>locos</strong></span> <span class='ocrx_word' id='word_1_45' title='bbox 587 873 678 958; x_wconf 89' lang='lat' dir='ltr'><strong>duos,</strong></span> <span class='ocrx_word' id='word_1_46' title='bbox 701 875 753 959; x_wconf 91' lang='lat' dir='ltr'><strong>qui</strong></span> <span class='ocrx_word' id='word_1_47' title='bbox 777 894 818 940; x_wconf 90' lang='lat' dir='ltr'><strong>ne</strong></span> <span class='ocrx_word' id='word_1_48' title='bbox 841 892 919 940; x_wconf 88' lang='lat' dir='ltr'><strong>saue</strong></span> <span class='ocrx_word' id='word_1_49' title='bbox 947 871 1076 958; x_wconf 87' lang='lat' dir='ltr'><strong>quidem</strong></span> <span class='ocrx_word' id='word_1_50' title='bbox 1102 869 1209 938; x_wconf 76' lang='lat' dir='ltr'><strong>traditi</strong></span> <span class='ocrx_word' id='word_1_51' title='bbox 1238 879 1322 953; x_wconf 91' lang='lat' dir='ltr'><strong>suut,</strong></span> 
     </span>
     <span class='ocr_line' id='line_1_7' title="bbox 185 974 1376 1063; baseline -0.008 -14"><span class='ocrx_word' id='word_1_52' title='bbox 185 982 329 1050; x_wconf 81' lang='lat' dir='ltr'><strong>ridemus</strong></span> <span class='ocrx_word' id='word_1_53' title='bbox 352 1000 415 1049; x_wconf 92' lang='lat' dir='ltr'><strong>non</strong></span> <span class='ocrx_word' id='word_1_54' title='bbox 439 999 511 1047; x_wconf 92' lang='lat' dir='ltr'><strong>esse</strong></span> <span class='ocrx_word' id='word_1_55' title='bbox 537 979 657 1047; x_wconf 90' lang='lat' dir='ltr'><strong>similes</strong></span> <span class='ocrx_word' id='word_1_56' title='bbox 680 978 759 1062; x_wconf 82' lang='lat' dir='ltr'><strong>illis,</strong></span> <span class='ocrx_word' id='word_1_57' title='bbox 788 977 872 1045; x_wconf 90' lang='lat' dir='ltr'><strong>uude</strong></span> <span class='ocrx_word' id='word_1_58' title='bbox 896 975 1070 1063; x_wconf 87' lang='lat' dir='ltr'><strong>disputatio</strong></span> <span class='ocrx_word' id='word_1_59' title='bbox 1096 974 1242 1062; x_wconf 85' lang='lat' dir='ltr'><strong>prolaeta</strong></span> <span class='ocrx_word' id='word_1_60' title='bbox 1264 980 1322 1042; x_wconf 88' lang='lat' dir='ltr'><strong>est.</strong></span> <span class='ocrx_word' id='word_1_61' title='bbox 1371 981 1376 990; x_wconf 87' lang='lat'>&#39;</span> 
     </span>
     <span class='ocr_line' id='line_1_8' title="bbox 186 1079 1323 1170; baseline -0.009 -18"><span class='ocrx_word' id='word_1_62' title='bbox 186 1085 250 1152; x_wconf 88' lang='lat' dir='ltr'><strong>Sed</strong></span> <span class='ocrx_word' id='word_1_63' title='bbox 278 1106 318 1152; x_wconf 83' lang='lat' dir='ltr'><strong>ex</strong></span> <span class='ocrx_word' id='word_1_64' title='bbox 346 1083 505 1170; x_wconf 76' lang='lat' dir='ltr'>Aeschylo</span> <span class='ocrx_word' id='word_1_65' title='bbox 533 1082 653 1166; x_wconf 81' lang='lat' dir='ltr'><strong>aliquot</strong></span> <span class='ocrx_word' id='word_1_66' title='bbox 680 1081 828 1168; x_wconf 82' lang='lat' dir='ltr'><strong>exempla</strong></span> <span class='ocrx_word' id='word_1_67' title='bbox 860 1085 994 1166; x_wconf 80' lang='lat' dir='ltr'>possunt</span> <span class='ocrx_word' id='word_1_68' title='bbox 1025 1079 1116 1162; x_wconf 84' lang='lat' dir='ltr'><strong>sumi,</strong></span> <span class='ocrx_word' id='word_1_69' title='bbox 1151 1098 1231 1162; x_wconf 87' lang='lat' dir='ltr'><strong>quae</strong></span> <span class='ocrx_word' id='word_1_70' title='bbox 1264 1079 1323 1144; x_wconf 90' lang='lat' dir='ltr'><strong>etsi</strong></span> 
     </span>
     <span class='ocr_line' id='line_1_9' title="bbox 187 1180 1322 1277; baseline -0.01 -20"><span class='ocrx_word' id='word_1_71' title='bbox 187 1190 290 1272; x_wconf 77' lang='lat' dir='ltr'><strong>magis</strong></span> <span class='ocrx_word' id='word_1_72' title='bbox 318 1189 461 1254; x_wconf 85' lang='lat' dir='ltr'><strong>minusve</strong></span> <span class='ocrx_word' id='word_1_73' title='bbox 487 1186 638 1253; x_wconf 90' lang='lat' dir='ltr'><strong>librorum</strong></span> <span class='ocrx_word' id='word_1_74' title='bbox 665 1184 729 1252; x_wconf 91' lang='lat' dir='ltr'><strong>fide</strong></span> <span class='ocrx_word' id='word_1_75' title='bbox 756 1191 829 1252; x_wconf 92' lang='lat' dir='ltr'><strong>suut</strong></span> <span class='ocrx_word' id='word_1_76' title='bbox 856 1185 991 1277; x_wconf 80' lang='lat' dir='ltr'><strong>ineerta,</strong></span> <span class='ocrx_word' id='word_1_77' title='bbox 1019 1183 1166 1249; x_wconf 86' lang='lat' dir='ltr'><strong>existimo</strong></span> <span class='ocrx_word' id='word_1_78' title='bbox 1195 1180 1322 1265; x_wconf 90' lang='lat' dir='ltr'><strong>quidem</strong></span> 
     </span>
     <span class='ocr_line' id='line_1_10' title="bbox 188 1284 1325 1379; baseline -0.008 -20"><span class='ocrx_word' id='word_1_79' title='bbox 188 1293 363 1379; x_wconf 85' lang='lat' dir='ltr'><strong>depravata</strong></span> <span class='ocrx_word' id='word_1_80' title='bbox 390 1309 461 1358; x_wconf 87' lang='lat' dir='ltr'><strong>esse</strong></span> <span class='ocrx_word' id='word_1_81' title='bbox 489 1289 529 1356; x_wconf 93' lang='lat' dir='ltr'><strong>ob</strong></span> <span class='ocrx_word' id='word_1_82' title='bbox 558 1309 629 1356; x_wconf 88' lang='lat' dir='ltr'><strong>eam</strong></span> <span class='ocrx_word' id='word_1_83' title='bbox 658 1309 787 1355; x_wconf 88' lang='lat' dir='ltr'><strong>oausam</strong></span> <span class='ocrx_word' id='word_1_84' title='bbox 816 1289 934 1375; x_wconf 83' lang='lat' dir='ltr'><strong>ipsam,</strong></span> <span class='ocrx_word' id='word_1_85' title='bbox 962 1284 1046 1371; x_wconf 90' lang='lat' dir='ltr'><strong>quod</strong></span> <span class='ocrx_word' id='word_1_86' title='bbox 1074 1284 1126 1350; x_wconf 88' lang='lat' dir='ltr'><strong>hio</strong></span> <span class='ocrx_word' id='word_1_87' title='bbox 1153 1285 1325 1350; x_wconf 86' lang='lat' dir='ltr'><strong>aoousativi</strong></span> 
     </span>
     <span class='ocr_line' id='line_1_11' title="bbox 188 1388 1327 1482; baseline -0.007 -20"><span class='ocrx_word' id='word_1_88' title='bbox 188 1394 396 1482; x_wconf 77' lang='lat' dir='ltr'><strong>participialia</strong></span> <span class='ocrx_word' id='word_1_89' title='bbox 424 1413 514 1473; x_wconf 90' lang='lat' dir='ltr'><strong>usus,</strong></span> <span class='ocrx_word' id='word_1_90' title='bbox 541 1393 658 1478; x_wconf 92' lang='lat' dir='ltr'><strong>quippe</strong></span> <span class='ocrx_word' id='word_1_91' title='bbox 685 1393 780 1458; x_wconf 91' lang='lat' dir='ltr'><strong>nimis</strong></span> <span class='ocrx_word' id='word_1_92' title='bbox 803 1390 986 1473; x_wconf 81' lang='lat' dir='ltr'><strong>singularis,</strong></span> <span class='ocrx_word' id='word_1_93' title='bbox 1014 1389 1151 1454; x_wconf 88' lang='lat' dir='ltr'><strong>librariis</strong></span> <span class='ocrx_word' id='word_1_94' title='bbox 1179 1388 1327 1455; x_wconf 83' lang='lat' dir='ltr'><strong>nonfuit</strong></span> 
     </span>
     <span class='ocr_line' id='line_1_12' title="bbox 189 1489 1325 1581; baseline -0.011 -15"><span class='ocrx_word' id='word_1_95' title='bbox 189 1505 293 1566; x_wconf 88' lang='lat' dir='ltr'><strong>notus.</strong></span> <span class='ocrx_word' id='word_1_96' title='bbox 339 1495 456 1576; x_wconf 84' lang='lat' dir='ltr'><strong>Quibus</strong></span> <span class='ocrx_word' id='word_1_97' title='bbox 480 1516 519 1561; x_wconf 85' lang='lat' dir='ltr'><strong>ex</strong></span> <span class='ocrx_word' id='word_1_98' title='bbox 543 1495 697 1581; x_wconf 83' lang='lat' dir='ltr'><strong>exemplis</strong></span> <span class='ocrx_word' id='word_1_99' title='bbox 721 1504 769 1562; x_wconf 88' lang='lat' dir='ltr'><strong>est</strong></span> <span class='ocrx_word' id='word_1_100' title='bbox 792 1495 1001 1560; x_wconf 81' lang='lat' dir='ltr'><strong>certissimum</strong></span> <span class='ocrx_word' id='word_1_101' title='bbox 1024 1511 1112 1574; x_wconf 87' lang='lat' dir='ltr'><strong>sane,</strong></span> <span class='ocrx_word' id='word_1_102' title='bbox 1140 1489 1224 1576; x_wconf 90' lang='lat' dir='ltr'><strong>quod</strong></span> <span class='ocrx_word' id='word_1_103' title='bbox 1246 1490 1325 1569; x_wconf 75' lang='lat' dir='ltr'><strong>legi-</strong></span> 
     </span>
     <span class='ocr_line' id='line_1_13' title="bbox 190 1600 490 1675; baseline -0.017 -6"><span class='ocrx_word' id='word_1_104' title='bbox 190 1623 260 1675; x_wconf 88' lang='lat' dir='ltr'><strong>mus</strong></span> <span class='ocrx_word' id='word_1_105' title='bbox 282 1600 387 1666; x_wconf 90' lang='lat' dir='ltr'><strong>Prom.</strong></span> <span class='ocrx_word' id='word_1_106' title='bbox 413 1601 490 1664; x_wconf 81' lang='lat'>145:</span> 
     </span>
    </p>

    <p class='ocr_par' dir='ltr' id='par_1_4' title="bbox 341 1707 1085 1808">
     <span class='ocr_line' id='line_1_14' title="bbox 341 1707 1085 1808; baseline -0.004 -26"><span class='ocrx_word' id='word_1_107' title='bbox 341 1721 467 1796; x_wconf 80' lang='grc' dir='ltr'>λεύσσω,</span> <span class='ocrx_word' id='word_1_108' title='bbox 492 1719 653 1808; x_wconf 78' lang='grc' dir='ltr'>Προμηθεῦ</span> <span class='ocrx_word' id='word_1_109' title='bbox 668 1741 675 1755; x_wconf 91' lang='grc'><em>·</em></span> <span class='ocrx_word' id='word_1_110' title='bbox 690 1707 809 1808; x_wconf 66' lang='grc' dir='ltr'>ροβεριῖ</span> <span class='ocrx_word' id='word_1_111' title='bbox 824 1717 849 1782; x_wconf 82' lang='grc' dir='ltr'><strong>δ’</strong></span> <span class='ocrx_word' id='word_1_112' title='bbox 862 1720 967 1802; x_wconf 79' lang='grc' dir='ltr'>ἐμοῖσιν</span> <span class='ocrx_word' id='word_1_113' title='bbox 991 1719 1085 1787; x_wconf 80' lang='grc' dir='ltr'>ὄσσοις</span> 
     </span>
    </p>

    <p class='ocr_par' dir='ltr' id='par_1_5' title="bbox 346 1816 750 1914">
     <span class='ocr_line' id='line_1_15' title="bbox 346 1816 750 1914; baseline 0 -5"><span class='ocrx_word' id='word_1_114' title='bbox 346 1827 454 1912; x_wconf 66' lang='lat' dir='ltr'><strong>isium</strong></span> <span class='ocrx_word' id='word_1_115' title='bbox 479 1816 609 1914; x_wconf 68' lang='grc' dir='ltr'>πινσιὶε</span> <span class='ocrx_word' id='word_1_116' title='bbox 632 1826 750 1914; x_wconf 69' lang='grc' dir='ltr'>τλήτω</span> 
     </span>
    </p>

    <p class='ocr_par' dir='ltr' id='par_1_6' title="bbox 257 1932 1327 2124">
     <span class='ocr_line' id='line_1_16' title="bbox 344 1932 1327 2020; baseline 0.001 -27"><span class='ocrx_word' id='word_1_117' title='bbox 344 1932 483 2020; x_wconf 75' lang='grc' dir='ltr'>δακρύων,</span> <span class='ocrx_word' id='word_1_118' title='bbox 501 1932 551 1994; x_wconf 84' lang='grc' dir='ltr'><strong>σόν</strong></span> <span class='ocrx_word' id='word_1_119' title='bbox 567 1933 656 2014; x_wconf 75' lang='grc' dir='ltr'>δέμας</span> <span class='ocrx_word' id='word_1_120' title='bbox 672 1932 813 1994; x_wconf 70' lang='lat' dir='ltr'><strong>stolarum</strong></span> <span class='ocrx_word' id='word_1_121' title='bbox 834 1945 892 2014; x_wconf 86' lang='lat' dir='ltr'><strong>(sio.</strong></span> <span class='ocrx_word' id='word_1_122' title='bbox 907 1944 967 1998; x_wconf 87' lang='lat' dir='ltr'><strong>ood.</strong></span> <span class='ocrx_word' id='word_1_123' title='bbox 980 1943 1051 1998; x_wconf 79' lang='lat' dir='ltr'><strong>Meu.</strong></span> <span class='ocrx_word' id='word_1_124' title='bbox 1065 1958 1118 1998; x_wconf 86' lang='lat' dir='ltr'><strong>seo.</strong></span> <span class='ocrx_word' id='word_1_125' title='bbox 1130 1940 1327 2010; x_wconf 78' lang='lat' dir='ltr'><strong>Wecklinum.)</strong></span> 
     </span>
     <span class='ocr_line' id='line_1_17' title="bbox 257 2039 737 2124; baseline 0 -26"><span class='ocrx_word' id='word_1_126' title='bbox 257 2103 258 2107; x_wconf 45' lang='lat'>,</span> <span class='ocrx_word' id='word_1_127' title='bbox 344 2039 458 2124; x_wconf 78' lang='grc' dir='ltr'>πέτραις</span> <span class='ocrx_word' id='word_1_128' title='bbox 480 2041 737 2124; x_wconf 83' lang='grc' dir='ltr'>προσαυαινόμενον</span> 
     </span>
    </p>

    <p class='ocr_par' dir='ltr' id='par_1_7' title="bbox 345 2135 831 2233">
     <span class='ocr_line' id='line_1_18' title="bbox 345 2135 831 2233; baseline -0.002 -29"><span class='ocrx_word' id='word_1_129' title='bbox 345 2139 435 2204; x_wconf 86' lang='grc' dir='ltr'>ταῖσδ’</span> <span class='ocrx_word' id='word_1_130' title='bbox 450 2135 696 2233; x_wconf 69' lang='grc' dir='ltr'>ἀδαμαντοδέτοισι</span> <span class='ocrx_word' id='word_1_131' title='bbox 718 2143 831 2225; x_wconf 77' lang='grc' dir='ltr'>λύμαις.</span> 
     </span>
    </p>

    <p class='ocr_par' dir='ltr' id='par_1_8' title="bbox 193 2257 1362 3593">
     <span class='ocr_line' id='line_1_19' title="bbox 281 2257 1330 2343; baseline -0.005 -16"><span class='ocrx_word' id='word_1_132' title='bbox 281 2261 368 2329; x_wconf 90' lang='lat' dir='ltr'><strong>Haeo</strong></span> <span class='ocrx_word' id='word_1_133' title='bbox 398 2263 526 2330; x_wconf 87' lang='lat' dir='ltr'><strong>exhibet</strong></span> <span class='ocrx_word' id='word_1_134' title='bbox 554 2263 628 2329; x_wconf 80' lang='lat' dir='ltr'><strong>ood.&#39;</strong></span> <span class='ocrx_word' id='word_1_135' title='bbox 649 2262 748 2343; x_wconf 63' lang='grc' dir='ltr'>Μονάς</span> <span class='ocrx_word' id='word_1_136' title='bbox 778 2262 929 2326; x_wconf 86' lang='lat' dir='ltr'><strong>habemus</strong></span> <span class='ocrx_word' id='word_1_137' title='bbox 958 2262 1053 2343; x_wconf 83' lang='lat' dir='ltr'><strong>igitur</strong></span> <span class='ocrx_word' id='word_1_138' title='bbox 1080 2281 1150 2326; x_wconf 86' lang='lat' dir='ltr'><strong>eam</strong></span> <span class='ocrx_word' id='word_1_139' title='bbox 1180 2257 1330 2325; x_wconf 82' lang='lat' dir='ltr'><strong>anacolu-</strong></span> 
     </span>
     <span class='ocr_line' id='line_1_20' title="bbox 194 2361 1331 2452; baseline -0.001 -26"><span class='ocrx_word' id='word_1_140' title='bbox 194 2361 307 2447; x_wconf 87' lang='lat' dir='ltr'><strong>thiam,</strong></span> <span class='ocrx_word' id='word_1_141' title='bbox 341 2387 405 2432; x_wconf 88' lang='lat' dir='ltr'><strong>non</strong></span> <span class='ocrx_word' id='word_1_142' title='bbox 439 2385 558 2450; x_wconf 89' lang='lat' dir='ltr'><strong>rarum,</strong></span> <span class='ocrx_word' id='word_1_143' title='bbox 594 2373 628 2432; x_wconf 89' lang='lat' dir='ltr'><strong>ut</strong></span> <span class='ocrx_word' id='word_1_144' title='bbox 658 2385 772 2432; x_wconf 88' lang='lat' dir='ltr'><strong>nomen</strong></span> <span class='ocrx_word' id='word_1_145' title='bbox 800 2366 878 2448; x_wconf 81' lang='grc' dir='ltr'>ἐμῶν</span> <span class='ocrx_word' id='word_1_146' title='bbox 903 2363 1089 2452; x_wconf 78' lang='lat' dir='ltr'>praecedat,</span> <span class='ocrx_word' id='word_1_147' title='bbox 1123 2363 1331 2446; x_wconf 88' lang='lat' dir='ltr'><strong>subsequatur·</strong></span> 
     </span>
     <span class='ocr_line' id='line_1_21' title="bbox 193 2465 1332 2557; baseline -0.001 -25"><span class='ocrx_word' id='word_1_148' title='bbox 193 2470 405 2536; x_wconf 79' lang='lat' dir='ltr'><strong>nominativus</strong></span> <span class='ocrx_word' id='word_1_149' title='bbox 433 2472 592 2557; x_wconf 80' lang='lat' dir='ltr'><strong>participii</strong></span> <span class='ocrx_word' id='word_1_150' title='bbox 625 2507 661 2518; x_wconf 92' lang='lat'>-</span> <span class='ocrx_word' id='word_1_151' title='bbox 690 2490 764 2537; x_wconf 89' lang='lat' dir='ltr'><strong>nam</strong></span> <span class='ocrx_word' id='word_1_152' title='bbox 793 2469 870 2535; x_wconf 91' lang='lat' dir='ltr'><strong>nihil</strong></span> <span class='ocrx_word' id='word_1_153' title='bbox 898 2489 969 2536; x_wconf 88' lang='lat' dir='ltr'><strong>esse</strong></span> <span class='ocrx_word' id='word_1_154' title='bbox 992 2476 1097 2553; x_wconf 89' lang='lat' dir='ltr'><strong>potest</strong></span> <span class='ocrx_word' id='word_1_155' title='bbox 1120 2466 1205 2533; x_wconf 89' lang='lat' dir='ltr'><strong>aliud</strong></span> <span class='ocrx_word' id='word_1_156' title='bbox 1229 2465 1332 2531; x_wconf 80' lang='lat' dir='ltr'><strong>forma</strong></span> 
     </span>
     <span class='ocr_line' id='line_1_22' title="bbox 194 2566 1331 2656; baseline -0.002 -22"><span class='ocrx_word' id='word_1_157' title='bbox 194 2571 343 2651; x_wconf 71' lang='lat' dir='ltr'><strong>stultusne,</strong></span> <span class='ocrx_word' id='word_1_158' title='bbox 366 2573 446 2640; x_wconf 87' lang='lat' dir='ltr'><strong>falso</strong></span> <span class='ocrx_word' id='word_1_159' title='bbox 470 2581 603 2640; x_wconf 87' lang='lat' dir='ltr'><strong>aooeutu</strong></span> <span class='ocrx_word' id='word_1_160' title='bbox 625 2581 737 2652; x_wconf 81' lang='lat' dir='ltr'><strong>oruata</strong></span> <span class='ocrx_word' id='word_1_161' title='bbox 759 2601 815 2656; x_wconf 47' lang='grc' dir='ltr'><strong>-ὴ,</strong></span> <span class='ocrx_word' id='word_1_162' title='bbox 840 2571 898 2641; x_wconf 86' lang='lat' dir='ltr'><strong>sed</strong></span> <span class='ocrx_word' id='word_1_163' title='bbox 922 2572 973 2638; x_wconf 86' lang='lat' dir='ltr'><strong>hio·</strong></span> <span class='ocrx_word' id='word_1_164' title='bbox 995 2590 1087 2638; x_wconf 86' lang='lat' dir='ltr'><strong>oasus</strong></span> <span class='ocrx_word' id='word_1_165' title='bbox 1112 2575 1215 2636; x_wconf 85' lang='lat' dir='ltr'><strong>movet</strong></span> <span class='ocrx_word' id='word_1_166' title='bbox 1238 2566 1331 2633; x_wconf 88' lang='lat' dir='ltr'><strong>dubi-</strong></span> 
     </span>
     <span class='ocr_line' id='line_1_23' title="bbox 194 2672 1331 2766; baseline -0.004 -23"><span class='ocrx_word' id='word_1_167' title='bbox 194 2679 347 2744; x_wconf 77' lang='lat' dir='ltr'><strong>tationem</strong></span> <span class='ocrx_word' id='word_1_168' title='bbox 372 2677 542 2762; x_wconf 86' lang='lat' dir='ltr'><strong>quandam‚</strong></span> <span class='ocrx_word' id='word_1_169' title='bbox 567 2672 650 2762; x_wconf 88' lang='lat' dir='ltr'><strong>quod</strong></span> <span class='ocrx_word' id='word_1_170' title='bbox 673 2681 788 2766; x_wconf 76' lang='lat' dir='ltr'><strong>attinet</strong></span> <span class='ocrx_word' id='word_1_171' title='bbox 810 2678 851 2744; x_wconf 89' lang='lat' dir='ltr'><strong>ad</strong></span> <span class='ocrx_word' id='word_1_172' title='bbox 867 2685 1011 2744; x_wconf 86' lang='lat' dir='ltr'><strong>metrum.</strong></span> <span class='ocrx_word' id='word_1_173' title='bbox 1042 2677 1075 2742; x_wconf 87' lang='lat' dir='ltr'><strong>Si</strong></span> <span class='ocrx_word' id='word_1_174' title='bbox 1098 2677 1182 2741; x_wconf 93' lang='lat' dir='ltr'><strong>enim</strong></span> <span class='ocrx_word' id='word_1_175' title='bbox 1208 2693 1331 2740; x_wconf 89' lang='lat' dir='ltr'><strong>versum</strong></span> 
     </span>
     <span class='ocr_line' id='line_1_24' title="bbox 194 2775 1362 2871; baseline -0.004 -27"><span class='ocrx_word' id='word_1_176' title='bbox 194 2783 324 2871; x_wconf 77' lang='grc' dir='ltr'>δακρύων</span> <span class='ocrx_word' id='word_1_177' title='bbox 347 2783 396 2845; x_wconf 83' lang='grc' dir='ltr'><strong>σὸν</strong></span> <span class='ocrx_word' id='word_1_178' title='bbox 419 2781 508 2865; x_wconf 77' lang='grc' dir='ltr'>δέμας</span> <span class='ocrx_word' id='word_1_179' title='bbox 530 2782 670 2846; x_wconf 79' lang='grc' dir='ltr'>εἰσιδοῦσά</span> <span class='ocrx_word' id='word_1_180' title='bbox 693 2782 913 2867; x_wconf 81' lang='lat' dir='ltr'><strong>componimus</strong></span> <span class='ocrx_word' id='word_1_181' title='bbox 936 2801 1007 2847; x_wconf 89' lang='lat' dir='ltr'><strong>oum</strong></span> <span class='ocrx_word' id='word_1_182' title='bbox 1025 2779 1184 2865; x_wconf 87' lang='lat' dir='ltr'><strong>strophioo</strong></span> <span class='ocrx_word' id='word_1_183' title='bbox 1206 2775 1332 2866; x_wconf 79' lang='grc' dir='ltr'>προσέβα</span> <span class='ocrx_word' id='word_1_184' title='bbox 1359 2776 1362 2781; x_wconf 83' lang='grc'><strong>’</strong></span> 
     </span>
     <span class='ocr_line' id='line_1_25' title="bbox 194 2885 1333 2976; baseline -0.004 -26"><span class='ocrx_word' id='word_1_185' title='bbox 194 2889 274 2951; x_wconf 81' lang='grc' dir='ltr'>τόνδε</span> <span class='ocrx_word' id='word_1_186' title='bbox 296 2894 398 2972; x_wconf 65' lang='grc' dir='ltr'>πάγον,</span> <span class='ocrx_word' id='word_1_187' title='bbox 422 2889 569 2976; x_wconf 80' lang='grc' dir='ltr'>πατρῴας,</span> <span class='ocrx_word' id='word_1_188' title='bbox 599 2886 705 2953; x_wconf 79' lang='lat' dir='ltr'><strong>elucet</strong></span> <span class='ocrx_word' id='word_1_189' title='bbox 731 2885 887 2972; x_wconf 75' lang='lat' dir='ltr'><strong>syllabam</strong></span> <span class='ocrx_word' id='word_1_190' title='bbox 917 2885 1060 2952; x_wconf 79' lang='lat' dir='ltr'><strong>ultimam</strong></span> <span class='ocrx_word' id='word_1_191' title='bbox 1084 2885 1170 2951; x_wconf 77' lang='lat' dir='ltr'><strong>vocis</strong></span> <span class='ocrx_word' id='word_1_192' title='bbox 1193 2885 1333 2947; x_wconf 81' lang='grc' dir='ltr'>εἰσιδοῦσα</span> 
     </span>
     <span class='ocr_line' id='line_1_26' title="bbox 196 2989 1333 3079; baseline -0.004 -22"><span class='ocrx_word' id='word_1_193' title='bbox 196 3009 259 3058; x_wconf 86' lang='lat' dir='ltr'><strong>non</strong></span> <span class='ocrx_word' id='word_1_194' title='bbox 283 3003 430 3060; x_wconf 90' lang='lat' dir='ltr'><strong>aoourate</strong></span> <span class='ocrx_word' id='word_1_195' title='bbox 451 2992 656 3079; x_wconf 84' lang='lat' dir='ltr'><strong>respondere,</strong></span> <span class='ocrx_word' id='word_1_196' title='bbox 680 3012 750 3058; x_wconf 83' lang='lat' dir='ltr'><strong>uum</strong></span> <span class='ocrx_word' id='word_1_197' title='bbox 775 3013 838 3059; x_wconf 90' lang='lat' dir='ltr'><strong>nou</strong></span> <span class='ocrx_word' id='word_1_198' title='bbox 863 2992 980 3074; x_wconf 84' lang='lat' dir='ltr'><strong>brevis,</strong></span> <span class='ocrx_word' id='word_1_199' title='bbox 1010 2990 1070 3058; x_wconf 90' lang='lat' dir='ltr'><strong>sed</strong></span> <span class='ocrx_word' id='word_1_200' title='bbox 1097 2989 1252 3076; x_wconf 78' lang='lat' dir='ltr'><strong>producta</strong></span> <span class='ocrx_word' id='word_1_201' title='bbox 1278 3009 1333 3052; x_wconf 84' lang='lat' dir='ltr'><strong>ex·</strong></span> 
     </span>
     <span class='ocr_line' id='line_1_27' title="bbox 195 3096 1333 3182; baseline -0.006 -20"><span class='ocrx_word' id='word_1_202' title='bbox 195 3104 357 3182; x_wconf 77' lang='lat' dir='ltr'><strong>spectatur</strong></span> <span class='ocrx_word' id='word_1_203' title='bbox 384 3097 516 3182; x_wconf 87' lang='lat' dir='ltr'><strong>syllaba.</strong></span> <span class='ocrx_word' id='word_1_204' title='bbox 567 3096 659 3163; x_wconf 89' lang='lat' dir='ltr'><strong>Hono</strong></span> <span class='ocrx_word' id='word_1_205' title='bbox 686 3097 789 3162; x_wconf 90' lang='lat' dir='ltr'><strong>looum</strong></span> <span class='ocrx_word' id='word_1_206' title='bbox 818 3115 881 3161; x_wconf 90' lang='lat' dir='ltr'><strong>uon</strong></span> <span class='ocrx_word' id='word_1_207' title='bbox 909 3115 979 3161; x_wconf 89' lang='lat' dir='ltr'><strong>esse</strong></span> <span class='ocrx_word' id='word_1_208' title='bbox 1007 3115 1118 3160; x_wconf 88' lang='lat' dir='ltr'><strong>sanum</strong></span> <span class='ocrx_word' id='word_1_209' title='bbox 1150 3100 1261 3178; x_wconf 86' lang='lat' dir='ltr'><strong>putare</strong></span> <span class='ocrx_word' id='word_1_210' title='bbox 1295 3111 1333 3156; x_wconf 92' lang='lat' dir='ltr'><strong>eo</strong></span> 
     </span>
     <span class='ocr_line' id='line_1_28' title="bbox 198 3197 1334 3283; baseline -0.004 -21"><span class='ocrx_word' id='word_1_211' title='bbox 198 3197 300 3278; x_wconf 75' lang='lat' dir='ltr'><strong>magis</strong></span> <span class='ocrx_word' id='word_1_212' title='bbox 324 3199 482 3281; x_wconf 78' lang='lat' dir='ltr'><strong>cogimur,</strong></span> <span class='ocrx_word' id='word_1_213' title='bbox 511 3198 591 3282; x_wconf 91' lang='lat' dir='ltr'><strong>quod</strong></span> <span class='ocrx_word' id='word_1_214' title='bbox 617 3200 758 3264; x_wconf 91' lang='lat' dir='ltr'><strong>omnium</strong></span> <span class='ocrx_word' id='word_1_215' title='bbox 782 3197 1032 3283; x_wconf 81' lang='lat' dir='ltr'><strong>Aeschyleorum</strong></span> <span class='ocrx_word' id='word_1_216' title='bbox 1055 3197 1229 3263; x_wconf 77' lang='lat' dir='ltr'><strong>carminum</strong></span> <span class='ocrx_word' id='word_1_217' title='bbox 1254 3201 1334 3260; x_wconf 79' lang='lat' dir='ltr'><strong>stro-</strong></span> 
     </span>
     <span class='ocr_line' id='line_1_29' title="bbox 197 3299 1333 3391; baseline -0.004 -26"><span class='ocrx_word' id='word_1_218' title='bbox 197 3299 280 3384; x_wconf 88' lang='lat' dir='ltr'><strong>phae</strong></span> <span class='ocrx_word' id='word_1_219' title='bbox 294 3307 340 3384; x_wconf 88' lang='lat' dir='ltr'><strong>et</strong></span> <span class='ocrx_word' id='word_1_220' title='bbox 365 3299 584 3385; x_wconf 87' lang='lat' dir='ltr'><strong>antistrophae</strong></span> <span class='ocrx_word' id='word_1_221' title='bbox 610 3299 796 3391; x_wconf 88' lang='lat' dir='ltr'><strong>plerumque</strong></span> <span class='ocrx_word' id='word_1_222' title='bbox 823 3307 888 3365; x_wconf 85' lang='lat' dir='ltr'><strong>tam</strong></span> <span class='ocrx_word' id='word_1_223' title='bbox 917 3305 1067 3366; x_wconf 87' lang='lat' dir='ltr'><strong>aoourate</strong></span> <span class='ocrx_word' id='word_1_224' title='bbox 1094 3300 1176 3364; x_wconf 88' lang='lat' dir='ltr'><strong>inter</strong></span> <span class='ocrx_word' id='word_1_225' title='bbox 1199 3317 1233 3364; x_wconf 88' lang='lat' dir='ltr'><strong>se</strong></span> <span class='ocrx_word' id='word_1_226' title='bbox 1258 3315 1333 3362; x_wconf 89' lang='lat' dir='ltr'><strong>oon-</strong></span> 
     </span>
     <span class='ocr_line' id='line_1_30' title="bbox 198 3398 1335 3489; baseline -0.005 -21"><span class='ocrx_word' id='word_1_227' title='bbox 198 3403 346 3483; x_wconf 88' lang='lat' dir='ltr'><strong>sentiant,</strong></span> <span class='ocrx_word' id='word_1_228' title='bbox 354 3401 379 3486; x_wconf 93' lang='lat'><strong>¹)</strong></span> <span class='ocrx_word' id='word_1_229' title='bbox 402 3410 436 3467; x_wconf 89' lang='lat' dir='ltr'><strong>ut</strong></span> <span class='ocrx_word' id='word_1_230' title='bbox 458 3403 511 3469; x_wconf 92' lang='lat' dir='ltr'><strong>ubi</strong></span> <span class='ocrx_word' id='word_1_231' title='bbox 534 3401 708 3489; x_wconf 77' lang='lat' dir='ltr'><strong>productae</strong></span> <span class='ocrx_word' id='word_1_232' title='bbox 732 3400 874 3487; x_wconf 86' lang='lat' dir='ltr'><strong>syllabae</strong></span> <span class='ocrx_word' id='word_1_233' title='bbox 890 3402 922 3466; x_wconf 89' lang='lat' dir='ltr'><strong>in</strong></span> <span class='ocrx_word' id='word_1_234' title='bbox 939 3400 1069 3488; x_wconf 89' lang='lat' dir='ltr'><strong>stropha</strong></span> <span class='ocrx_word' id='word_1_235' title='bbox 1090 3405 1268 3482; x_wconf 86' lang='lat' dir='ltr'><strong>ooourrunt,</strong></span> <span class='ocrx_word' id='word_1_236' title='bbox 1291 3398 1335 3463; x_wconf 88' lang='lat' dir='ltr'><strong>ibi</strong></span> 
     </span>
     <span class='ocr_line' id='line_1_31' title="bbox 201 3501 1335 3593; baseline -0.005 -21"><span class='ocrx_word' id='word_1_237' title='bbox 201 3505 422 3593; x_wconf 86' lang='lat' dir='ltr'><strong>antistrophioi</strong></span> <span class='ocrx_word' id='word_1_238' title='bbox 456 3526 565 3574; x_wconf 79' lang='lat' dir='ltr'><strong>versus</strong></span> <span class='ocrx_word' id='word_1_239' title='bbox 598 3503 728 3573; x_wconf 88' lang='lat' dir='ltr'><strong>easdem</strong></span> <span class='ocrx_word' id='word_1_240' title='bbox 763 3505 902 3570; x_wconf 80' lang='lat' dir='ltr'><strong>habeant</strong></span> <span class='ocrx_word' id='word_1_241' title='bbox 934 3503 1117 3591; x_wconf 81' lang='lat' dir='ltr'><strong>productas,</strong></span> <span class='ocrx_word' id='word_1_242' title='bbox 1151 3506 1243 3586; x_wconf 89' lang='lat' dir='ltr'><strong>item,</strong></span> <span class='ocrx_word' id='word_1_243' title='bbox 1282 3501 1335 3567; x_wconf 90' lang='lat' dir='ltr'><strong>ubi</strong></span> 
     </span>
    </p>
   </div>
   <div class='ocr_carea' id='block_1_3' title="bbox 198 3777 1339 4200">
    <p class='ocr_par' dir='ltr' id='par_1_9' title="bbox 198 3777 1339 4200">
     <span class='ocr_line' id='line_1_32' title="bbox 287 3777 1337 3852; baseline -0.005 -15"><span class='ocrx_word' id='word_1_244' title='bbox 287 3781 308 3852; x_wconf 89' lang='grc'><strong>1)</strong></span> <span class='ocrx_word' id='word_1_245' title='bbox 327 3781 363 3837; x_wconf 83' lang='lat' dir='ltr'><strong>oi.</strong></span> <span class='ocrx_word' id='word_1_246' title='bbox 381 3779 419 3836; x_wconf 81' lang='lat' dir='ltr'><strong>M.</strong></span> <span class='ocrx_word' id='word_1_247' title='bbox 438 3780 535 3850; x_wconf 84' lang='lat' dir='ltr'><strong>Haupt</strong></span> <span class='ocrx_word' id='word_1_248' title='bbox 557 3779 671 3849; x_wconf 79' lang='lat' dir='ltr'><strong>(Belger</strong></span> <span class='ocrx_word' id='word_1_249' title='bbox 691 3796 709 3851; x_wconf 92' lang='lat' dir='ltr'><strong>p</strong></span> <span class='ocrx_word' id='word_1_250' title='bbox 728 3778 802 3848; x_wconf 69' lang='lat' dir='ltr'><strong>loll:</strong></span> <span class='ocrx_word' id='word_1_251' title='bbox 837 3778 891 3832; x_wconf 86' lang='lat' dir='ltr'><strong>Die</strong></span> <span class='ocrx_word' id='word_1_252' title='bbox 918 3793 1024 3848; x_wconf 82' lang='lat' dir='ltr'><strong>genuus</strong></span> <span class='ocrx_word' id='word_1_253' title='bbox 1049 3777 1337 3846; x_wconf 74' lang='lat' dir='ltr'><strong>Uebereiustimmung</strong></span> 
     </span>
     <span class='ocr_line' id='line_1_33' title="bbox 198 3861 1339 3938; baseline -0.003 -16"><span class='ocrx_word' id='word_1_254' title='bbox 198 3865 421 3938; x_wconf 76' lang='lat' dir='ltr'><strong>aeschyleisoher</strong></span> <span class='ocrx_word' id='word_1_255' title='bbox 433 3865 572 3937; x_wconf 82' lang='lat' dir='ltr'><strong>Strophen</strong></span> <span class='ocrx_word' id='word_1_256' title='bbox 584 3866 639 3920; x_wconf 88' lang='lat' dir='ltr'><strong>und</strong></span> <span class='ocrx_word' id='word_1_257' title='bbox 650 3865 853 3936; x_wconf 81' lang='lat' dir='ltr'><strong>Antistroplreu</strong></span> <span class='ocrx_word' id='word_1_258' title='bbox 865 3865 908 3919; x_wconf 88' lang='lat' dir='ltr'><strong>bis</strong></span> <span class='ocrx_word' id='word_1_259' title='bbox 920 3865 949 3918; x_wconf 90' lang='lat' dir='ltr'><strong>ln</strong></span> <span class='ocrx_word' id='word_1_260' title='bbox 962 3864 1007 3918; x_wconf 87' lang='lat' dir='ltr'><strong>die</strong></span> <span class='ocrx_word' id='word_1_261' title='bbox 1019 3861 1163 3918; x_wconf 74' lang='lat' dir='ltr'><strong>einzelnen</strong></span> <span class='ocrx_word' id='word_1_262' title='bbox 1178 3862 1276 3918; x_wconf 86' lang='lat' dir='ltr'><strong>Silbeu</strong></span> <span class='ocrx_word' id='word_1_263' title='bbox 1289 3863 1339 3919; x_wconf 83' lang='lat' dir='ltr'><strong>der</strong></span> 
     </span>
     <span class='ocr_line' id='line_1_34' title="bbox 199 3943 1338 4024; baseline -0.006 -14"><span class='ocrx_word' id='word_1_264' title='bbox 199 3951 367 4010; x_wconf 83' lang='lat' dir='ltr'><strong>Versiuesse</strong></span> <span class='ocrx_word' id='word_1_265' title='bbox 379 3953 417 4008; x_wconf 85' lang='lat' dir='ltr'><strong>ist</strong></span> <span class='ocrx_word' id='word_1_266' title='bbox 431 3951 516 4008; x_wconf 78' lang='lat' dir='ltr'><strong>durat</strong></span> <span class='ocrx_word' id='word_1_267' title='bbox 528 3951 593 4006; x_wconf 73' lang='lat' dir='ltr'><strong>luein</strong></span> <span class='ocrx_word' id='word_1_268' title='bbox 606 3949 678 4007; x_wconf 84' lang='lat' dir='ltr'><strong>ultas</strong></span> <span class='ocrx_word' id='word_1_269' title='bbox 687 3943 807 4020; x_wconf 67' lang='lat' dir='ltr'><strong>Zeu‘gnis</strong></span> <span class='ocrx_word' id='word_1_270' title='bbox 821 3948 1002 4024; x_wconf 75' lang='lat' dir='ltr'><strong>beurliundat,</strong></span> <span class='ocrx_word' id='word_1_271' title='bbox 1021 3950 1088 4004; x_wconf 88' lang='lat' dir='ltr'><strong>aber</strong></span> <span class='ocrx_word' id='word_1_272' title='bbox 1100 3948 1149 4003; x_wconf 86' lang='lat' dir='ltr'><strong>der</strong></span> <span class='ocrx_word' id='word_1_273' title='bbox 1160 3947 1338 4003; x_wconf 83' lang='lat' dir='ltr'><strong>tiberlieferte</strong></span> 
     </span>
     <span class='ocr_line' id='line_1_35' title="bbox 200 4033 1338 4110; baseline -0.004 -16"><span class='ocrx_word' id='word_1_274' title='bbox 200 4040 274 4094; x_wconf 80' lang='lat' dir='ltr'><strong>&#39;l&#39;oxt</strong></span> <span class='ocrx_word' id='word_1_275' title='bbox 291 4040 367 4110; x_wconf 74' lang='lat' dir='ltr'><strong>ueigt</strong></span> <span class='ocrx_word' id='word_1_276' title='bbox 388 4054 440 4095; x_wconf 87' lang='lat' dir='ltr'><strong>une</strong></span> <span class='ocrx_word' id='word_1_277' title='bbox 463 4038 539 4094; x_wconf 79' lang='lat' dir='ltr'><strong>dieue</strong></span> <span class='ocrx_word' id='word_1_278' title='bbox 561 4037 850 4106; x_wconf 80' lang='lat' dir='ltr'><strong>Uebereinstimmuug</strong></span> <span class='ocrx_word' id='word_1_279' title='bbox 871 4037 900 4089; x_wconf 92' lang='lat' dir='ltr'><strong>iu</strong></span> <span class='ocrx_word' id='word_1_280' title='bbox 926 4051 958 4091; x_wconf 86' lang='lat' dir='ltr'><strong>so</strong></span> <span class='ocrx_word' id='word_1_281' title='bbox 980 4033 1217 4104; x_wconf 80' lang='lat' dir='ltr'><strong>tiberwiegendem</strong></span> <span class='ocrx_word' id='word_1_282' title='bbox 1236 4034 1338 4102; x_wconf 78' lang='lat' dir='ltr'><strong>Messe,</strong></span> 
     </span>
     <span class='ocr_line' id='line_1_36' title="bbox 202 4120 1339 4200; baseline -0.004 -21"><span class='ocrx_word' id='word_1_283' title='bbox 202 4124 267 4182; x_wconf 78' lang='lat' dir='ltr'><strong>dass</strong></span> <span class='ocrx_word' id='word_1_284' title='bbox 285 4125 326 4200; x_wconf 79' lang='lat' dir='ltr'><strong>sio</strong></span> <span class='ocrx_word' id='word_1_285' title='bbox 343 4124 388 4181; x_wconf 81' lang='lat' dir='ltr'><strong>fuir</strong></span> <span class='ocrx_word' id='word_1_286' title='bbox 405 4125 451 4180; x_wconf 88' lang='lat' dir='ltr'><strong>die</strong></span> <span class='ocrx_word' id='word_1_287' title='bbox 469 4125 588 4180; x_wconf 86' lang='lat' dir='ltr'><strong>meisteu</strong></span> <span class='ocrx_word' id='word_1_288' title='bbox 602 4124 786 4180; x_wconf 79' lang='lat' dir='ltr'><strong>Versmuasse</strong></span> <span class='ocrx_word' id='word_1_289' title='bbox 805 4122 846 4178; x_wconf 80' lang='lat' dir='ltr'><strong>ule</strong></span> <span class='ocrx_word' id='word_1_290' title='bbox 859 4121 948 4192; x_wconf 77' lang='lat' dir='ltr'><strong>Regel</strong></span> <span class='ocrx_word' id='word_1_291' title='bbox 966 4121 1153 4177; x_wconf 80' lang='lat' dir='ltr'><strong>anuunshmen</strong></span> <span class='ocrx_word' id='word_1_292' title='bbox 1164 4122 1211 4186; x_wconf 88' lang='lat' dir='ltr'><strong>ist,</strong></span> <span class='ocrx_word' id='word_1_293' title='bbox 1230 4120 1285 4174; x_wconf 86' lang='lat' dir='ltr'><strong>und</strong></span> <span class='ocrx_word' id='word_1_294' title='bbox 1298 4136 1339 4175; x_wconf 84' lang='lat' dir='ltr'><strong>wo</strong></span> 
     </span>
    </p>
   </div>
   <div class='ocr_carea' id='block_1_4' title="bbox 199 4207 1250 4347">
    <p class='ocr_par' dir='ltr' id='par_1_10' title="bbox 199 4207 1250 4347">
     <span class='ocr_line' id='line_1_37' title="bbox 199 4207 1250 4281; baseline -0.003 -15"><span class='ocrx_word' id='word_1_295' title='bbox 199 4211 244 4266; x_wconf 85' lang='lat' dir='ltr'><strong>dis</strong></span> <span class='ocrx_word' id='word_1_296' title='bbox 262 4211 352 4281; x_wconf 84' lang='lat' dir='ltr'><strong>Regel</strong></span> <span class='ocrx_word' id='word_1_297' title='bbox 372 4211 492 4267; x_wconf 80' lang='lat' dir='ltr'><strong>rarletut</strong></span> <span class='ocrx_word' id='word_1_298' title='bbox 508 4212 556 4279; x_wconf 85' lang='lat' dir='ltr'><strong>ist,</strong></span> <span class='ocrx_word' id='word_1_299' title='bbox 575 4210 667 4265; x_wconf 82' lang='lat' dir='ltr'><strong>finden</strong></span> <span class='ocrx_word' id='word_1_300' title='bbox 686 4210 745 4266; x_wconf 81' lang='lat' dir='ltr'><strong>sich</strong></span> <span class='ocrx_word' id='word_1_301' title='bbox 763 4209 845 4265; x_wconf 79' lang='lat' dir='ltr'><strong>meist</strong></span> <span class='ocrx_word' id='word_1_302' title='bbox 862 4209 971 4280; x_wconf 81' lang='lat' dir='ltr'><strong>Spureu</strong></span> <span class='ocrx_word' id='word_1_303' title='bbox 989 4208 1038 4263; x_wconf 81' lang='lat' dir='ltr'><strong>der</strong></span> <span class='ocrx_word' id='word_1_304' title='bbox 1055 4207 1250 4264; x_wconf 86' lang='lat' dir='ltr'><strong>Vardorbniss.</strong></span> 
     </span>
     <span class='ocr_line' id='line_1_38' title="bbox 1201 4293 1220 4347; baseline 0 0"><span class='ocrx_word' id='word_1_305' title='bbox 1201 4293 1220 4347; x_wconf 79' lang='lat'><em>4</em></span> 
     </span>
    </p>
   </div>
   <div class='ocr_carea' id='block_1_5' title="bbox 0 0 1571 4680">
    <p class='ocr_par' dir='ltr' id='par_1_11' title="bbox 0 0 1571 4680">
     <span class='ocr_line' id='line_1_39' title="bbox 0 0 1571 4680; baseline 0 0"><span class='ocrx_word' id='word_1_306' title='bbox 0 0 1571 4680; x_wconf 95' lang='lat' dir='ltr'><strong> </strong></span> 
     </span>
    </p>
   </div>
  </div>
 </body>
</html>
