3086 4680
670 243 881 306 ,13-

373 434 457 517 γηθεῖ.
480 433 520 495 ἐνὶ
542 435 690 517 στήθεσσι,
715 437 801 519 φόνον
825 433 872 494 καὶ
895 433 991 518 φύζαν
1011 430 1140 516 Ἀχαιῶν

351 557 355 562 ·
374 542 546 628 δερκομένῳ,
571 539 630 602 ἐπεὶ
652 540 685 602 αὖ
709 541 734 602 oi
756 540 796 602 ἔνι
819 541 920 627 φρένες
943 536 1001 600 οὐδ’
1025 537 1133 620 ἠβαιαί.

209 669 224 731 p
247 647 326 708 555:
589 669 590 672 ¹
766 645 950 728 μεταλλῆσαί
973 645 997 706 τί
1020 643 1035 706 ἑ
1057 643 1152 726 θυμὸς

376 751 449 837 ἀμφὶ
471 755 550 814 πόσει
573 751 696 826 κέλεται,
721 751 769 813 καὶ
792 753 882 836 κήδεά
905 772 957 838 περ
979 750 1134 831 πεπαθυίῃ.

209 861 335 937 praeter
357 855 435 921 haec
458 875 561 942 pauca
582 856 676 938 igitur
697 857 819 921 nullum
843 855 940 922 dativi
955 862 1021 922 tam
1046 855 1194 922 inusitate
1210 841 1341 916 adhibiti

210 957 386 1024 invenimus
408 957 633 1025 testimonium.

297 1058 474 1145 Numquam
498 1067 604 1127 autem
627 1062 770 1128 absolute
794 1069 961 1149 usurpatus
985 1068 1035 1129 est
1058 1059 1274 1138 accusativus3
1302 1055 1343 1120 de

210 1161 269 1227 hoo
292 1181 369 1228 casu
392 1165 540 1248 quoniam
563 1165 702 1230 maxime
726 1167 838 1246 egitur,
854 1166 1031 1231 accuratius
1048 1171 1097 1230 est
1112 1159 1342 1240 disserendum,

208 1267 395 1349 praesertim
430 1287 502 1331 uum
536 1267 600 1332 sint
633 1268 686 1350 qui
712 1269 926 1334 accusativum
960 1267 1140 1334 absolutum
1162 1267 1194 1330 in
1219 1263 1342 1328 Graeco

209 1387 355 1434 sermone
378 1369 475 1435 luisse
499 1368 616 1451 dicant,
638 1369 672 1434 id
696 1370 779 1454 quod
796 1370 940 1438 defundit
959 1369 1114 1457 imprimis
1131 1360 1341 1446 Elmsleins.¹)

210 1469 301 1536 Hane
323 1472 504 1557 opinionem
528 1471 641 1538 falsam
670 1493 742 1539 esse
770 1479 804 1540 et
828 1475 909 1540 ratio
937 1474 1110 1540 accusativi
1146 1472 1344 1538 demonstrat

210 1580 242 1639 et
278 1573 396 1640 docent
428 1594 468 1640 ea
500 1576 663 1661 exemplu,
701 1597 783 1660 quae
821 1576 861 1643 ad
898 1578 995 1643 talem
1033 1597 1122 1643 usum
1152 1572 1342 1641 firmandum

210 1675 399 1758 afferuntur,
434 1696 516 1761 quae
549 1678 642 1745 aliter
670 1681 821 1765 explicari
849 1688 983 1767 possunt
1010 1700 1049 1746 ac
1071 1679 1197 1746 debent
1243 1676 1344 1742 Multa

212 1779 338 1863 quidem
372 1779 535 1867 disputata
567 1789 642 1848 sunt
680 1786 797 1850 nostris
824 1785 1020 1870 temporibus
1048 1784 1089 1849 de
1122 1783 1215 1848 huius
1250 1799 1342 1848 casus

210 1883 332 1965 origine
355 1890 448 1968 atquc
473 1884 501 1948 vi
525 1885 697 1969 primitiva3
719 1886 892 1969 ambigitur
915 1888 1009 1968 enirn,
1036 1893 1139 1953 utrum
1163 1884 1342 1951 accusativo

211 1986 354 2070 primitus
387 1986 450 2053 loei
484 1988 622 2054 rationes
656 2008 695 2053 an
731 1990 959 2070 grammaticae
992 1989 1129 2069 subsint3
1163 1987 1342 2054 terminatio

211 2107 288 2154 sane
316 2089 387 2188 ipsa
413 2088 505 2155 huius
533 2109 625 2156 casus
660 2110 772 2156 ansam
806 2111 870 2157 non
904 2090 960 2157 dat
993 2092 1171 2178 primitivae
1206 2090 1343 2156 notionis

211 2191 468 2275 enucleandae.²)
512 2191 586 2274 Ego·
605 2213 678 2260 varo
706 2213 760 2259 eos
785 2203 860 2279 puto
891 2193 1150 2276 remendicare,
1175 2194 1226 2278 qui
1247 2212 1342 2258 aceu-

211 2295 346 2361 sativum
367 2297 592 2378 grammaticas
614 2295 755 2362 rationes
784 2297 868 2364 solas
898 2298 986 2381 sequi
1015 2317 1117 2380 neque
1140 2297 1203 2361 vim
1227 2296 1343 2360 habere

211 2397 344 2464 localem
368 2398 606 2483 arbitrantur‚³)
629 2417 711 2483 quae
727 2401 884 2466 sententia
899 2420 984 2466 nunc
999 2402 1138 2466 maxime
1154 2399 1251 2478 valet3
1269 2418 1341 2463 nam

213 2507 363 2584 quotquot
396 2502 645 2568 accusativorum
681 2502 829 2588 exempla
861 2502 996 2570 localem
1025 2503 1116 2568 huius
1153 2521 1245 2568 casus
1280 2501 1341 2564 rim

214 2604 419 2690 comprobare
456 2604 617 2686 videntur,
655 2607 763 2672 omnia
799 2614 932 2692 possunt
969 2606 1143 2672 rationibus
1177 2605 1342 2690 explanari

212 2709 428 2788 grammaticis
452 2729 554 2793 neque
577 2717 650 2775 sunt
665 2710 831 2793 eiusmodi,
847 2716 882 2775 ut
897 2711 959 2775 vim
974 2711 1007 2775 in
1024 2710 1069 2776 eis
1085 2710 1190 2775 inesse
1208 2707 1343 2774 localem

213 2811 412 2876 statuendum
436 2812 486 2876 sit.
533 2811 595 2876 Sed
619 2811 779 2878 mittamus
803 2812 886 2879 hanc
907 2813 1135 2897 quaestionem,
1160 2831 1253 2896 quam
1270 2809 1343 2875 dili-

212 2920 320 2994 genter
342 2914 487 2999 persequi
511 2914 570 2980 hoe
592 2914 661 2980 loeo
684 2914 813 2996 longum
837 2923 899 2997 est3
923 2935 1005 3000 quae
1028 2935 1100 2982 mea
1121 2916 1162 2981 sit
1177 2914 1218 2980 de
1234 2914 1293 2980 hac
1309 2934 1344 2978 re

212 3017 378 3098 sententia,
402 3015 478 3082 dixi.
524 3015 709 3083 Tenendum
732 3025 781 3084 est
803 3019 901 3100 igitur
923 3019 1137 3085 accusativum
1160 3019 1343 3099 inservire⁴l

215 3117 255 3184 ad
280 3120 438 3185 notionem
464 3120 549 3185 verbi
574 3120 785 3206 supplendam
810 3129 904 3206 atque
927 3141 998 3187 eam
1015 3140 1085 3188 esse
1101 3122 1168 3187 eius
1188 3128 1343 3201 naturam,

212 3228 246 3286 ut
267 3241 325 3306 per
346 3241 380 3286 se
409 3227 492 3287 stare
523 3241 584 3287 non
614 3224 730 3308 possit,
765 3223 821 3289 sed
856 3222 972 3290 habeat
1006 3243 1136 3290 necesse
1169 3224 1224 3304 sit,
1260 3223 1345 3288 unde

211 3332 351 3407 negatum
387 3345 576 3408 quamquam
611 3326 718 3408 negari
753 3347 815 3392 non
851 3327 927 3393 licet
960 3326 1113 3411 quosdam
1148 3327 1344 3393 accusativos

213 3426 297 3491 velut
318 3433 398 3515 χάριν
421 3427 598 3513 posteriore
621 3433 728 3494 aetate
752 3427 838 3511 iungi
867 3430 935 3494 vice
962 3428 1200 3511 adverbiorum,
1234 3437 1269 3493 ut
1301 3431 1346 3494 ita

212 3529 326 3613 dicam,
355 3552 448 3615 quem
477 3553 566 3598 usum
595 3554 634 3598 ox
662 3534 842 3598 accusativo
871 3533 1030 3619 pendente
1064 3553 1134 3599 esse
1168 3533 1344 3600 derivatum

297 3718 316 3786 ¹)
335 3718 408 3773 idern
427 3719 468 3772 vir
486 3719 591 3785 doctus,
610 3718 683 3788 quod
701 3719 847 3774 discrimen
869 3720 1017 3775 interesset
1039 3722 1112 3776 inter
1134 3721 1205 3776 hanc
1228 3724 1345 3776 structu·

210 3821 268 3859 ram
287 3809 316 3858 et
332 3806 490 3874 genetivum
510 3804 674 3870 absolutum,
694 3805 832 3862 invenisse
851 3805 905 3861 sibi
923 3806 999 3862 visus
1018 3810 1069 3862 est.
1096 3808 1132 3862 ci.
1151 3810 1220 3878 pli.
1239 3807 1300 3862 adn.
1321 3812 1345 3862 4.

296 3891 319 3957 2)
338 3891 458 3946 Leukiou
476 3890 606 3945 Berichte
625 3891 651 3947 d.
669 3892 758 3946 siche.
778 3891 932 3946 Gesellsclr.
953 3892 1027 3948 1884.
1046 3909 1063 3961 p
1084 3894 1140 3948 101.
1178 3894 1346 3962 Brugmrmn.

212 3976 246 4042 (l.
265 3976 365 4032 Miiller
384 3976 493 4032 Hdboh.
513 3978 541 4031 ΙΙ
560 3993 577 4045 p
597 3977 666 4042 107.)

298 4063 318 4129 ὅ)
337 4062 544 4127 Hibsahmanu,
562 4077 610 4116 aur
628 4062 801 4117 Gaeuslehre.
840 4063 913 4118 1875.

297 4148 318 4215 4)
338 4147 483 4204 Dclbriiclr.
503 4152 573 4218 synt.
592 4162 632 4214 gr.
650 4164 668 4217 p
689 4148 729 4202 29.
766 4149 924 4215 Brugmann
944 4148 961 4202 l.
979 4148 997 4202 l.
1016 4165 1034 4217 p
1055 4150 1112 4204 109.
