3086 4680
701 225 910 288 ,.44..

238 439 279 486 τις
300 410 397 500 γένοιτ’
422 417 465 491 ἂν,
501 433 579 498 quae
609 414 704 480 verba
736 422 808 480 sunt
842 415 937 481 animi
972 415 1057 482 omni
1091 437 1146 503 spe
1181 413 1368 497 destituti,¹)

239 521 417 606 profitetur:

443 625 581 688 πέπαλται
604 622 628 686 δ’
643 623 709 687 αὖτέ
733 648 778 707 μοι
802 625 884 712 φίλον
907 627 976 712 κέαρ

443 732 522 794 τόνδε
545 731 686 810 κλύουσαν
710 731 809 794 οἶκτον.

324 835 359 900 ln
382 835 475 900 simili
499 835 684 902 condicione
707 846 847 904 versatur
868 835 991 902 Xerxes
1014 837 1046 901 in
1069 837 1205 922 patriam
1228 833 1363 901 rediens¹

239 939 435 1024 Adspicienti
460 938 587 1004 domum
610 959 698 1005 suam
723 938 825 1006 denuo
848 942 879 1004 in
904 947 1043 1006 mentem
1067 941 1161 1023 venit,
1184 945 1303 1024 quanta
1325 940 1380 1016 sit,

239 1043 404 1109 calamitas
428 1051 530 1108 terrae
553 1061 629 1108 suae
659 1041 792 1122 inilictc3
828 1043 989 1126 questibus
1016 1052 1144 1110 resonat
1171 1050 1238 1110 tote
1270 1062 1366 1109 scena

238 1154 331 1231 atque
354 1147 456 1228 magis
478 1145 642 1229 magisque
663 1141 723 1211 rex'
743 1145 937 1229 sollicitatur,
961 1153 995 1212 ut
1011 1155 1170 1233 postremo
1193 1147 1248 1211 illa
1271 1147 1366 1212 verba

237 1251 427 1336 pronuntiet,
451 1268 531 1332 quae
554 1247 648 1334 plene
671 1246 894 1334 desperantem
917 1249 1112 1318 describunt:
1178 1283 1179 1288 ι

547 1353 666 1416 λέλυται
689 1355 741 1442 peip
765 1354 841 1438 ἐμῶν
867 1357 951 1441 ῥώμη

545 1459 623 1544 τήνδ’
644 1461 759 1544 ἡλικίαν
783 1459 897 1524 ἐσιδόντ’
912 1465 1015 1524 ἀστιῖιν.

545 1563 600 1628 εἴθ’
615 1566 713 1652 ἄφελε,
738 1566 802 1641 Ζεῦ,
827 1565 900 1650 κάμέ
925 1563 986 1650 μετ’
1000 1567 1109 1653 ἀνδρῶν

545 1679 601 1733 τῶν
626 1673 780 1758 οἰχομένων

546 1779 672 1839 θανάτου
696 1779 770 1839 κατὰ
794 1785 878 1863 μοῖρα
901 1777 1033 1863 καλύψαι.

325 1879 394 1947 Non
418 1882 520 1946 minus
545 1889 720 1947 commotus
743 1891 792 1948 est
814 1881 926 1947 chorus
949 1882 981 1947 in
1003 1879 1147 1962 Electra,
1173 1899 1236 1945 non
1259 1877 1367 1944 dolore

238 2005 424 2072 oppressus,
453 1985 534 2051 sicut
557 1984 669 2052 chorus
691 1987 724 2051 in
748 1985 896 2071 Aeschyli
921 1984 1129 2071 Choephoris,
1160 1983 1217 2050 sed
1244 2001 1367 2048 summo

237 2086 354 2170 gaudio
377 2088 477 2154 elutus
502 2090 695 2175 pronuntiat:

546 2193 640 2256 ὕπεστί
664 2218 709 2276 μοι
732 2195 841 2280 θμασος

547 2300 692 2362 ἁδυπνόων
715 2301 856 2362 κλύουσαν

470 2415 472 2420 ’
546 2406 830 2492 ἀρτίοιςονειματυιν.

324 2505 435 2574 Tribus
447 2506 495 2572 his
507 2506 585 2575 locis
602 2510 847 2575 concitationem
863 2508 959 2573 animi
972 2505 1130 2594 quendam
1148 2505 1371 2570 vehementem¹

237 2610 428 2693 invenimus3
463 2618 556 2695 atque
586 2632 624 2677 ea
650 2632 800 2698 persone,
830 2630 909 2696 quae
937 2610 997 2677 hoc
1018 2610 1132 2676 affectu
1156 2608 1365 2696 perturbetur,

237 2715 377 2779 animum
410 2733 502 2780 suum
537 2715 670 2796 relevat,
706 2735 777 2780 curn
811 2715 956 2800 exponit,
990 2734 1086 2798 quare
1120 2717 1364 2778 commoveatur.

238 2816 317 2882 Eum
341 2824 457 2901 autem,
481 2819 568 2886 cuius
590 2839 680 2885 mens
705 2817 906 2884 vehementer
928 2818 1113 2903 perturbata
1135 2823 1198 2898 ert,
1226 2815 1271 2881 uti
1294 2834 1365 2880 ore-

237 2920 322 2986 tioue
345 2921 448 2986 minus
472 2919 638 3004 diligenter
661 2928 781 2987 structa
806 2920 839 2986 id
866 2930 915 2987 est
941 2920 1159 2986 anacolutbiec
1181 2919 1265 3004 loqui
1289 2937 1365 2984 con-

237 3031 422 3090 sentaneum
446 3032 502 3089 est.
544 3023 705 3092 Habemus
728 3026 824 3106 igitur
847 3044 909 3090 non
932 3024 1105 3090 orationem
1129 3043 1236 3089 secum
1259 3022 1366 3089 animo

238 3125 467 3193 considerantis
483 3133 575 3210 utque
591 3126 714 3194 exiliter
730 3128 894 3212 ieiuneque
910 3125 1110 3212 disputantis,
1125 3125 1183 3192 sed
1198 3125 1366 3192 sublimem

236 3249 369 3316 poeseos
383 3249 571 3297 sermonem.
598 3229 810 3308 Quamobrem
827 3251 890 3298 non
901 3251 1068 3318 possumus
1084 3235 1221 3298 statuere
1237 3235 1365 3316 poetam

236 3333 367 3401 bislocis
379 3336 645 3403 constructionem
657 3337 731 3399 κατὰ
743 3337 849 3400 σύνεσιν
862 3355 1046 3420 usurpasse;
1059 3334 1120 3401 hoe
1133 3332 1367 3419 modoscriptor

235 3440 397 3524 prosaicus
420 3439 566 3524 loquitur,
590 3442 641 3525 qui
664 3443 738 3526 quin
756 3440 957 3508 anacoluthia
972 3440 1113 3508 admissa
1135 3440 1363 3506 nominativum

320 3645 341 3714 ¹)
360 3644 411 3700 Oui
429 3651 520 3700 autem
538 3647 608 3703 haec
625 3647 711 3702 verba
728 3650 810 3718 utque
823 3647 934 3702 omnino
946 3650 1006 3701 tota
1017 3647 1130 3717 strophe
1142 3645 1288 3700 tribuendo
1300 3645 1357 3699 sint

235 3730 395 3799 ambigitur3
422 3729 488 3785 libri
509 3733 563 3787 etei
583 3749 617 3786 ea
635 3733 775 3802 assignant
792 3731 933 3798 Electrae,
959 3736 1052 3786 temen
1069 3733 1123 3785 iem
1143 3731 1268 3800 Engerue
1285 3729 1365 3802 [mus.

237 3817 311 3872 rhen.
331 3816 388 3870 Xll
408 3817 467 3887 189]
487 3817 574 3874 voluit
585 3819 712 3874 Orestem
731 3819 820 3873 iecere
833 3819 990 3888 loquentem
1003 3823 1084 3890 atque
1101 3835 1187 3889 nuper
1200 3819 1366 3874 Wecklinue

237 3903 308 3972 [eun.
327 3902 416 3974 suppl.
434 3903 504 3958 XIIl
522 3921 540 3976 p
558 3904 620 3977 235]
642 3906 725 3975 idque
749 3909 834 3960 recte.
870 3905 949 3960 Nam
967 3903 1094 3960 condicio
1121 3905 1228 3972 minere,
1254 3905 1283 3959 in
1309 3921 1367 3973 qua

234 3994 357 4044 versatur
376 3989 482 4055 chorus,
501 4005 534 4044 eo
553 3992 641 4059 magis
664 3991 836 4061 perspicitur,
854 3991 879 4044 si
897 3991 929 4056 is,
947 3991 976 4045 in
995 4007 1050 4060 quo
1062 3990 1152 4046 adbuc
1166 3991 1254 4046 omnis
1265 3991 1364 4046 salutis

236 4090 300 4145 spes
325 4075 417 4146 posita
443 4080 514 4141 erat,
545 4077 580 4130 ab
611 4075 733 4130 facinore
762 4075 881 4130 scelesto
916 4077 1063 4132 abhorrens
1097 4076 1201 4148 aliquid
1233 4077 1365 4148 temporis

237 4161 378 4235 scrupulos
396 4163 489 4216 movit.
553 4195 556 4200 .
