3086 4680
667 223 858 292 ...7⁴

198 423 360 512 pertinent
380 411 423 492 ad
439 423 641 508 'loquentem3
675 440 866 506 quamquam
896 418 976 488 haec
999 429 1135 508 perseus
1157 441 1220 492 ιιοιι
1243 427 1332 490 terret

200 531 307 594 vicem
335 527 485 609 subiecti,
519 525 577 592 sed
610 525 673 592 alio
706 525 739 590 iu
773 543 850 591 casu
879 525 984 610 posite
1010 533 1073 606 est,
1107 525 1230 592 duobus
1251 526 1330 594 locis

95 637 102 656 ⁰
199 629 262 713 (El.
287 636 320 696 et
341 628 414 714 Oh.)
437 629 574 696 occurrit
594 627 697 694 forma
719 651 765 712 μοι
780 648 899 695 -nun
924 650 978 711 μου
1000 628 1127 714 scripsit
1141 627 1330 716 Aeschylus,

199 756 292 821 quem
315 734 539 802 animaduertit
560 732 736 800 Scheukius
759 732 892 800 formam
909 755 963 817 μου
979 732 1073 800 modo
1088 735 1135 800 its
1148 753 1329 822 usurpasse,

199 846 235 907 ut
255 840 376 907 laceret
397 859 438 905 ex
460 838 557 905 verbo
580 837 685 922 aliquo
712 835 905 923 pendentem
935 846 991 904 aut
1023 838 1168 908 absolute
1199 847 1333 927 poneret

200 943 260 1010 hoc
282 949 334 1010 est
361 943 394 1008 iu
421 941 664 1010 constructione
681 939 818 1023 gessuri
852 941 1003 1024 absoluti,
1038 961 1191 1026 nusquam
1226 951 1331 1011 autem

200 1046 385 1114 attributire
410 1045 532 1112 nemini
559 1042 756 1125 adiungeret
802 1041 836 1107 ln
865 1042 1032 1110 Persarum
1060 1045 1201 1112 versibus
1229 1053 1334 1113 exstat

199 1150 301 1218 ferma
323 1150 409 1234 ἐμιῑνν.
455 1147 528 1213 Sive
550 1145 611 1212 hac
631 1145 698 1212 sive
726 1144 784 1211 illa
809 1145 912 1212 forma
939 1145 1082 1213 adhibita
1113 1167 1225 1216 omnes
1258 1157 1334 1218 suut

201 1255 262 1324 luci
288 1257 337 1322 its
363 1253 553 1339 comparati,
587 1262 621 1316 ut
648 1249 745 1336 plena
774 1256 877 1316 exstet
898 1253 1068 1335 sententis,
1103 1272 1184 1338 quae
1217 1253 1335 1322 habeut

200 1358 375 1425 subiectum
399 1363 432 1422 et
453 1354 682 1441 praedicatum.
726 1351 777 1418 Ad
806 1351 889 1419 hanc
917 1359 1024 1420 sutem
1051 1357 1240 1424 seutentiam
1268 1358 1333 1444 pri-

201 1462 334 1528 mariam
362 1477 479 1527 uerum
509 1455 688 1542 applicatur
720 1455 872 1521 erationis
905 1456 1097 1540 membrum3
1131 1459 1333 1546 participium

203 1565 303 1645 enirn,
326 1561 410 1648 quod
433 1561 495 1626 vim
519 1559 615 1626 habet
637 1557 911 1625 animadvertendi
935 1560 1114 1626 universam
1138 1560 1248 1644 (κλύειν
1268 1563 1335 1631 sive

201 1669 291 1754 ἰδεῖν),
314 1686 442 1735 causum
466 1664 617 1747 adnectit,
640 1682 703 1748 qus
716 1662 849 1748 loquens
865 1663 1069 1731 uehementer
1086 1686 1122 1733 se
1140 1670 1332 1736 commereri

203 1774 378 1862 profitetur,
406 1789 445 1838 eo
473 1769 582 1853 morlo,
606 1788 667 1854 quo
690 1769 738 1834 usi
761 1775 835 1834 suut
856 1786 1013 1855 persaepe
1036 1769 1222 1857 scriptores,
1247 1773 1334 1844 velut

203 1877 409 1944 Mimnermus
431 1874 468 1940 fr.
492 1875 570 1956 b,2:

437 1991 575 2069 τ’τοιῖομαι
597 1979 734 2072 θ’ἐσομάιν
758 1985 848 2054 ἄνθος
870 1985 1024 2070 ὁμηλικίης

204 2104 236 2163 et
257 2090 434 2180 Aeschylus
455 2091 535 2176 ipse,
559 2109 598 2155 ex
620 2089 710 2155 cuius
732 2088 847 2154 fabulis
870 2086 921 2154 hic
944 2088 1056 2155 efferre
1080 2093 1232 2159 nonnulle
1251 2098 1335 2164 satis

205 2208 267 2278 est3
290 2200 337 2264 sic
359 2195 437 2262 dicit
458 2194 576 2260 Atussa
600 2191 674 2259 Pers
697 2191 760 2255 826
785 2190 834 2256 ll.:

144 2311 147 2316 ’
360 2324 362 2330 ’
441 2313 598 2397 ὧδαῖμον,
623 2311 664 2383 ὥς
686 2331 722 2396 με
745 2309 832 2394 πολλ’
856 2311 1020 2400 εἰσέρχεται
1259 2382 1261 2386 .

398 2422 400 2428 ’
438 2421 526 2504 ἄλγη,
550 2419 677 2502 μάλιστα
698 2415 778 2503 δ’ἥδε
801 2419 937 2506 συμφορά
959 2417 1072 2480 δάκνὲι
1200 2485 1202 2490 ,
1276 2487 1278 2490 ,
1324 2461 1327 2466 ι

388 2533 390 2537 ’
442 2527 553 2609 ἀτιμίαν
575 2546 607 2608 ηε
629 2518 727 2594 παιδὸς
749 2523 824 2610 ἀμφὶ
846 2523 957 2606 σώματι

441 2631 618 2714 ἐσθημάτων
640 2629 794 2705 κλύουσαν,
819 2631 838 2714 ἦ
862 2651 901 2691 νιν
925 2630 1054 2716 άμιτὲχει.Ι

209 2753 360 2821 Similiter
382 2752 518 2838 loquitur
539 2751 652 2819 chorus
675 2751 707 2816 in
731 2752 790 2830 Ag.
816 2750 899 2815 1186
923 2749 974 2819 ll.:

440 2854 493 2940 τὴν
516 2854 568 2939 μὲν
592 2854 717 2918 Θυέστου
739 2854 822 2916 δαῖτα
844 2854 974 2916 παιδεύων
997 2861 1088 2943 sperius

338 2959 341 2964 ’
443 2951 554 3046 ξυνῆκα
575 2961 623 3024 καὶ
645 2962 777 3049 πέφρικα,
801 2959 849 3022 καὶ
870 2958 986 3044 θάμβος
1008 2959 1099 3046 μ’ἔχει
1124 2967 1127 2974 ’

443 3064 556 3130 κλύοντ’
581 3063 716 3149 άληθῶς,
740 3063 820 3130 οὐδὲν
843 3055 1037 3150 ἐξῃκασμένα.

208 3171 320 3240 ecdem
343 3169 439 3240 ιιιυάο
462 3171 575 3240 chorus
597 3172 684 3238 canit
705 3170 844 3256 Oheeph.
869 3171 933 3234 450
957 3169 1007 3236 Κ.;

442 3279 549 3364 τμάμοτ
572 3272 719 3364 μ’ύφὲμπει
742 3274 884 3338 κλύουσαν
908 3273 1057 3358 εὐγμάτων

209 3400 272 3448 non
294 3400 385 3447 secus
408 3381 591 3466 pronuntiat
612 3377 741 3445 Electra
763 3377 819 3443 Ch.
844 3380 920 3442 177:

443 3471 476 3555 ἐξ
499 3485 636 3566 ὀμμάτων
658 3480 690 3546 δὲ
712 3482 793 3568 δίψιοι
815 3483 942 3546 πίπτουσί
964 3505 1011 3566 μοι

445 3592 580 3672 σταηάνες
602 3590 741 3675 άφαμκτοι
764 3588 901 3675 δυσχίμου
924 3587 1123 3674 πλημμυρίδος

444 3693 593 3778 τλύκαμον
616 3693 716 3776 rectos
739 3694 828 3756 τάνδε.

295 3813 423 3881 Similes
456 3823 530 3883 suut
561 3814 624 3883 loci
658 3813 763 3882 Prom.
797 3815 862 3880 248
889 3813 925 3880 Κ.
959 3814 1033 3880 438.
1063 3813 1137 3880 693.
1166 3812 1240 3878 886.
1268 3812 1343 3877 897.

211 3916 298 4006 Sept.
324 3919 395 3983 188.
420 3916 477 3984 ch.
500 3918 574 3986 218.
598 3917 663 3985 alii.
707 3915 771 3986 Sed
792 3917 842 3984 his
865 3917 1011 3984 omnibus
1034 3916 1113 3984 locis
1129 3915 1344 4002 perticipium,

212 4019 295 4105 quud
318 4019 463 4106 adiungit
484 4039 613 4090 causum
636 4017 770 4094 affectus
792 4020 956 4088 eructato
971 4019 1123 4104 primario
1139 4018 1344 4104 pronuntiati„

211 4132 400 4212 praecepte·
421 4123 585 4192 doctrinae
621 4124 864 4207 grammaticae·
887 4143 950 4190 οοιι
989 4122 1104 4204 violat,
1140 4121 1199 4189 sed
1236 4141 1344 4190 casum
