3086 4680
686 239 896 300 -32...

228 424 366 489 omissae
397 425 601 489 recentiorem
630 445 717 502 esse,
749 426 945 491 attractionis
975 426 1078 491 factae
1105 427 1251 510 priorem.
1296 423 1360 490 Sed

229 536 347 592 certum
372 539 589 613 pracceptum,
612 527 653 592 ad
676 526 759 610 quod
781 530 943 612 utriusque
969 536 1144 594 structurae
1172 547 1247 594 usus
1270 547 1359 593 revo-

228 638 317 695 catus
345 632 401 711 sit,
430 631 550 696 nullum
577 632 801 709 invenimus.¹)
846 631 962 712 Immo,
996 632 1056 697 etsi
1082 631 1136 697 ille
1163 632 1360 697 attractionis

228 735 365 798 omissae
387 754 462 799 usus
485 734 517 796 in
542 753 688 799 sermone
712 732 835 800 Graeco
857 734 951 815 longe
974 734 1100 817 lateque
1122 732 1225 815 fluxit,
1253 742 1360 799 mmon

229 856 338 900 omnes
366 836 534 919 scriptores
563 856 634 899 eum
671 855 732 900 non
768 856 829 901 uno
864 835 1040 919 eodemque
1073 837 1168 902 modo
1202 835 1360 920 complexi

228 947 315 1004 sunt:
340 938 420 1004 alter
442 937 554 1003 maluit
576 937 644 1002 fieri
661 939 891 1020 attractionem,
915 938 995 1004 alter
1010 939 1119 1004 noluit.
1156 935 1235 1004 Nam
1258 939 1359 1003 mani·

229 1041 341 1105 festum
370 1047 421 1106 est
447 1041 529 1105 inter
557 1040 635 1106 duas
663 1047 836 1105 structurae
864 1041 1002 1106 rationes
1029 1039 1147 1124 aliquid
1170 1040 1362 1108 discriminis

228 1165 298 1209 esse
321 1142 530 1222 credendum3
565 1144 617 1207 ubi
645 1143 730 1207 enim
754 1145 900 1208 attractio
923 1144 1089 1224 omittitur,
1118 1143 1162 1209 ibi
1189 1143 1361 1208 infinitivus

229 1247 357 1330 eiusque
381 1245 615 1330 praedicativae
638 1246 783 1310 notiones
800 1247 889 1328 quasi
904 1247 936 1309 in
952 1267 1048 1310 unum
1066 1247 1248 1312 coalescunt
1266 1252 1361 1330 atquc

229 1352 290 1414 vim
314 1350 474 1433 accipiunt
496 1348 687 1430 generalem,
712 1347 791 1412 haec
814 1350 971 1414 sententia
992 1349 1149 1430 generalis
1172 1349 1288 1416 deinde
1309 1369 1360 1414 re-

228 1461 357 1518 vocatur
380 1451 421 1516 ad
444 1458 562 1515 certam
586 1471 756 1535 personam
771 1452 803 1514 in
821 1453 981 1516 enuntiato
997 1453 1146 1537 primario
1166 1471 1358 1537 expressam.

229 1555 270 1619 Ut
292 1563 397 1620 autem
422 1555 595 1618 sententias
619 1552 698 1618 duas
723 1555 804 1618 inter
826 1575 860 1618 se
883 1562 1038 1636 conectat,
1062 1555 1178 1638 legenti
1201 1555 1249 1620 vel
1272 1554 1362 1620 audi·

229 1660 289 1723 tori
313 1657 499 1742 permissum
524 1661 583 1720 est.
631 1654 665 1719 ld
687 1657 838 1740 probatur
863 1655 1106 1741 hocexemp103
1142 1659 1361 1740 Agamemnon

228 1762 365 1845 loquitur
388 1759 461 1841 (Ag.
486 1758 578 1840 886)’;

436 1863 465 1924 ἐν
488 1863 621 1931 ποικίλοις
643 1861 674 1924 δὲ
697 1862 803 1944 θνητὸν
827 1864 894 1925 ὄντα
916 1863 1053 1926 κάλλεσιν

437 1967 538 2051 βαίνειν
562 1968 624 2050 ἐμοὶ
647 1967 698 2050 μὲν
721 1968 854 2052 οὐδαμῶς
877 1971 942 2032 ἄνευ
966 1967 1065 2055 φόβου.

228 2073 306 2138 illud
329 2075 435 2157 θνητὸν
459 2077 526 2136 ὄντα
549 2073 650 2156 βαίνειν
671 2073 766 2139 estin
783 2075 961 2140 universum
980 2073 1108 2156 dictum,
1132 2073 1214 2156 quod
1231 2072 1364 2138 refertur

229 2180 474 2262 adloquentem
498 2179 529 2242 in
554 2181 718 2244 enuntiato
747 2180 897 2263 primario
921 2200 978 2264 per
1003 2179 1135 2244 formam
1160 2179 1222 2259 ἐμοὶ
1244 2177 1363 2258 signifi-

231 2293 346 2350 catum.
377 2283 486 2366 Itaque
502 2302 612 2346 omnes
629 2282 783 2362 infinitivi,
807 2302 939 2365 quorum
963 2282 1197 2365 praedicativae
1220 2283 1363 2346 notiones

230 2380 1363 2467 mummtwmmmmnmmmmnmmMmmcms

231 2492 354 2572 generis
378 2493 427 2554 est
450 2486 552 2550 Prom.
576 2485 639 2548 388
663 2483 703 2546 K:

439 2590 472 2650 ἔα
495 2610 531 2669 με
553 2587 623 2668 τῇδε
646 2592 685 2666 op
708 2587 783 2668 νόσῳ
806 2591 906 2659 νοσεῖν,
931 2583 990 2646 ἐπεὶ

437 2695 579 2781 κέρδιστον
603 2691 633 2753 εὖ
657 2697 814 2780 φρονοῦντα
837 2690 878 2774 μὴ
902 2697 1012 2778 φρονεῖν
1035 2691 1135 2752 δοκεῖν.

319 2798 399 2864 Huic
423 2801 466 2864 rei
490 2795 669 2881 respondet,
694 2795 776 2879 quod
793 2817 1028 2880 nonnumquam
1047 2795 1143 2860 etiam
1164 2791 1365 2877 participium

232 2925 272 2967 ex
298 2901 450 2967 infinitivo
478 2898 620 2986 pendens
650 2899 746 2963 allum
774 2898 902 2964 exhibet
922 2901 1094 2962 'numerum
1124 2903 1216 2976 atque
1250 2913 1364 2957 nomen

232 3027 337 3085 suum,
366 3005 466 3087 qualis
504 3003 649 3084 enallage
681 3001 818 3066 cernitur
845 2999 925 3065 Plat
956 3001 1063 3083 Symp.
1090 2999 1152 3060 184
1171 2995 1211 3060 Β;
1239 2996 1282 3059 ἐπὶ
1309 3005 1366 3066 τοῖς

233 3114 364 3200 ἐρασταῖς
387 3111 422 3194 ἦν
445 3110 586 3171 δουλεύειν
610 3108 751 3170 ἐδὲλοντα
766 3106 892 3188 ἡντινοῦν
907 3105 1048 3166 δουλεύειν
1064 3103 1209 3180 naturaie,
1234 3121 1365 3184 exspec-

233 3225 315 3282 tatur
349 3215 535 3279 attractione
568 3213 687 3278 omissa
720 3209 851 3294 pluralis
886 3227 1035 3272 numerus
1069 3207 1267 3289 ἐθέλονταΰ)
1317 3205 1365 3270 vel

234 3322 340 3405 Enrip.
365 3320 434 3385 Hel.
459 3321 534 3385 510:

235 3543 384 3616 permultis,
405 3542 479 3595 velut
498 3539 593 3594 Curtio
614 3537 817 3605 [Erlduterung.
836 3553 854 3605 p
875 3534 933 3604 199]
958 3533 1145 3587 Delbrueokie
1168 3533 1249 3600 (synt.
1268 3549 1285 3601 p
1308 3533 1365 3598 ill)

234 3627 418 3695 Bragmannio
432 3625 517 3696 [Hdb.
533 3625 570 3688 Il,
584 3624 655 3691 105];
675 3623 755 3676 aliter
768 3621 873 3674 iudicat
886 3620 1092 3676 Schoemannns
1106 3618 1259 3686 [Redeteile
1272 3635 1289 3687 p
1303 3617 1365 3685 36.].

320 3715 340 3782 ¹)
359 3713 490 3766 Perverse
508 3711 566 3778 agit
583 3707 742 3763 Wrobelius
762 3706 791 3772 (l.
810 3705 827 3760 l.
845 3723 863 3775 p
884 3705 942 3773 105)
962 3704 1009 3774 qui
1026 3703 1136 3772 quando
1154 3707 1269 3772 utraque
1292 3709 1366 3756 asset

235 3801 361 3854 adhibita
390 3797 528 3851 invenisse
561 3795 614 3849 sibi
645 3793 762 3856 videtur,
793 3791 870 3846 cuius
894 3790 1050 3860 opinionem
1080 3790 1216 3842 refutatur
1245 3789 1366 3842 Kochins

235 3888 253 3941 l.
272 3887 289 3942 l.
346 3886 389 3938 36.

309 3903 342 4036 p2)
362 3971 405 4024 le
424 3969 475 4022 hoo
492 3983 551 4032 usn,
570 3981 623 4035 que
641 3964 775 4034 quasdam
803 3964 928 4018 notiones
952 3962 987 4014 ad
1010 3959 1180 4030 praecedens
1204 3973 1300 4010 nomen
1321 3974 1367 4027 ap·

236 4055 379 4125 plicandas
397 4054 498 4108 Graeci
516 4053 606 4106 solent
628 4052 663 4104 ad
688 4049 851 4104 infinitivum
875 4048 984 4108 referre,
1008 4045 1161 4115 explicatur
1182 4045 1264 4096 etiam
1291 4042 1367 4108 illud,

238 4142 308 4211 qnod
328 4141 442 4206 legimns
461 4142 487 4192 in
509 4140 590 4192 illics.
615 4141 675 4190 tot:
