3086 4680
697 242 908 312 n..22st

239 427 284 500 ίιπ’
298 439 383 525 όρρής
411 423 507 510 ἔδοξεν
535 425 630 507 αὐτοῖς
657 437 688 500 οὐ
717 437 783 508 τοὺς
812 441 953 525 παρόντας
980 443 1064 522 μόνον
1096 443 1263 519 ἀποκτείναι,
1289 443 1370 506 ἀλλὰ

236 541 370 612 καὶτοὺς
393 545 520 612 ἅπαντας
542 542 737 626 Μυτιληαίους
760 579 800 588 -
825 543 1031 615 ἐπικαλοῦντες.
1074 544 1242 632 Participio
1266 547 1369 612 soluto

235 649 267 711 in
292 649 486 712 nominativo
511 649 611 732 posito
637 649 765 713 verbum
789 648 910 713 finitum
934 659 983 715 est
1010 650 1057 716 ita
1083 659 1311 736 comparatum,
1335 659 1369 716 ut

235 749 328 814 facile
362 749 567 815 subaudiatur
601 752 730 816 verbum
765 750 908 817 eiusdem
942 771 1018 818 sane
1054 743 1200 834 notionis,
1234 774 1368 838 quocum

236 852 447 918 nominativus
470 853 628 938 participii
651 860 737 919 recte
761 854 979 936 coniungatur,
1003 861 1057 920 aut
1079 855 1113 920 fit
1128 856 1278 922 transitus
1293 876 1368 941 pro·

237 955 325 1020 clivis
349 975 388 1020 ex
411 960 569 1020 structura
591 957 718 1040 passiva
733 957 765 1021 in
782 957 928 1039 activam,
945 965 980 1022 ut
994 959 1207 1024 nominativus
1231 979 1367 1043 sequens

236 1055 314 1123 nihil
337 1057 452 1122 habeat
474 1056 666 1124 offensionis.
713 1057 887 1144 Propterea
910 1060 960 1126 hic
983 1080 1075 1127 casus
1099 1067 1202 1128 exstat
1226 1062 1273 1128 vel
1296 1073 1368 1149 post

236 1161 449 1226 accusativum
473 1161 625 1226 nominis:
649 1159 723 1228 Eur.
748 1160 824 1227 Hec.
849 1163 926 1227 970:

443 1264 499 1350 ὅτιρ
523 1265 576 1351 γὰρ
600 1263 708 1350 ὤφθην
731 1262 889 1351 εὐτυχοῦσζ
915 1266 1001 1336 αἰδώς
1024 1265 1054 1349 μ’
1067 1267 1125 1352 ἔχει

443 1368 472 1432 ἐν
495 1361 576 1453 τιμδε
599 1373 698 1454 πότμῳ
722 1369 899 1456 τυγχάνοντ’,
922 1369 957 1432 ἵν’
971 1373 1024 1454 εἰμι
1046 1378 1094 1434 νῦν

441 1473 510 1537 κούκ
534 1477 568 1536 ἂν
591 1475 727 1558 δυναίμην
750 1475 935 1564 προσβλέπειν
960 1477 1059 1564 ὀρθαῖς
1081 1480 1177 1564 κόραις

237 1602 288 1667 ubi
323 1622 459 1688 persona
493 1605 672 1668 accusativo
700 1627 736 1686 με
765 1625 916 1690 expressa
949 1606 1037 1689 quasi
1072 1605 1169 1672 efficit
1191 1607 1366 1674 subiectum

236 1707 383 1790 logicum,
407 1713 442 1772 ut
465 1705 632 1772 commode
655 1707 832 1794 applicetur
847 1710 1059 1775 nominativus
1082 1712 1240 1797 participii
1262 1720 1366 1800 reppet-

235 1836 336 1895 voocu;
365 1813 467 1878 simile
492 1820 541 1878 est
563 1811 659 1878 Thus.
683 1811 748 1877 VH.
772 1817 802 1878 2.
826 1817 860 1878 2:
889 1815 1016 1886 καὶτοῖς
1040 1815 1091 1899 μὲν
1114 1816 1298 1905 Συρακοσίοις
1320 1821 1367 1882 καί

235 1910 394 2004 ξυμμάχοις
420 1905 614 2000 κατάπληὶεις
642 1916 671 1980 ἐν
699 1923 739 2004 τῷ
762 1919 861 1982 αὐτίκα
891 1920 941 1982 οὐκ
969 1922 1051 2004 ὀλίγη
1080 1922 1198 2004 ἐγένετο,
1228 1925 1252 1986 εἰ
1279 1927 1366 2013 πέρας

235 2023 323 2108 μηδὲν
357 2023 434 2085 ἔσται
468 2024 544 2108 σφίσι
580 2029 629 2084 τοῦ
663 2025 865 2108 ἀπαλλαγῆναι
893 2033 942 2087 τοῦ
971 2027 1104 2101 κινδύνου,
1133 2029 1255 2114 ὁρωντες
1279 2079 1285 2091 .
1311 2079 1318 2092 .
1345 2078 1363 2105 .,

235 2130 286 2193 ubi
311 2129 449 2210 sequitur
473 2126 613 2191 (latinum
637 2137 695 2198 τοῖς
718 2128 900 2216 Συρακοσίοις
916 2132 979 2196 κτλ.
1005 2131 1217 2198 nominativus
1232 2135 1362 2221 ὁρῶντες,

235 2254 305 2299 cum
340 2231 530 2316 Syracusani
567 2251 739 2314 eorumque
777 2234 854 2298 sooii
894 2242 1127 2317 perterreautur
1163 2239 1363 2320 aspicientes.

233 2336 328 2402 Ocius
357 2333 557 2419 proprietatis
587 2333 736 2418 exempla
762 2347 895 2418 possunt
923 2334 1027 2401 afferri
1056 2339 1222 2424 permulta,
1257 2348 1362 2407 tamen

233 2439 300 2504 iere
323 2437 431 2502 omnia
453 2455 493 2500 ex
515 2455 611 2519 prosa
634 2437 776 2501 oratione
799 2438 908 2522 petita.
944 2436 1023 2503 Nam
1048 2439 1212 2508 Classcnio
1236 2465 1274 2508 ex
1298 2443 1360 2508 Ho-

232 2543 310 2607 meri
335 2539 527 2604 carminibus
550 2539 686 2604 sumenti
712 2537 746 2622 [l.
770 2538 791 2604 l.
815 2560 845 2625 p.
871 2539 947 2626 135]

233 2650 358 2726 B·2350:
384 2659 459 2746 φημί
480 2660 533 2747 ροίρ
557 2657 605 2720 οὖν
628 2665 798 2722 κατανεῦσαι
822 2657 977 2748 ὑπερμενέα
1000 2663 1147 2750 Κρονίωνα

256 2751 265 2782 ”’
385 2767 474 2849 ἤματι
496 2763 546 2850 tuf,
571 2765 617 2826 ότε
641 2765 737 2847 νηυσίν
762 2761 805 2827 ἐπ’
819 2765 999 2855 ὠκυπόροισιν
1022 2768 1130 2852 ἔβαινον

393 2871 503 2957 Αρρεῖυι
526 2870 656 2959 Τρώεσσι
679 2874 765 2955 φόνον
788 2871 834 2932 καί
857 2875 934 2960 κῆρα
957 2877 1099 2961 φέροντες,

385 2980 553 3063 ἀστράπτων
577 2964 688 3048 ἐπιδέξι’
712 2975 840 3059 ἐναίσιμα
863 2982 979 3063 σήματα
1003 2977 1110 3062 φαίνων

229 3094 261 3149 et
283 3083 307 3147 T
330 3083 408 3146 258:
809 3091 811 3094 ’

381 3187 452 3248 ίστω
475 3193 522 3247 νῦν
546 3183 616 3254 Ζεὺς
638 3191 745 3273 πρῶτα,
770 3187 847 3249 θεῶν
871 3183 976 3253 ὕπατος
998 3183 1045 3246 καὶ
1068 3185 1189 3272 ἄριστος,

383 3292 418 3377 κῆ
442 3313 472 3354 τε
496 3291 542 3352 καί
565 3291 662 3373 ἠέλιος
684 3291 731 3352 καί
753 3291 867 3378 ε’ρινόες,
893 3289 921 3352 ui
938 3285 1039 3352 «θ’ὑπό
1062 3295 1143 3373 γαῖαν

382 3398 551 3484 ἀνθρώπους
573 3398 702 3471 τίνυνται,
727 3398 741 3458 ὅ
764 3418 805 3466 τις
827 3394 854 3459 κ’
868 3396 995 3483 ἐπίορκον
1020 3399 1142 3478 ὀμόσσῃ,

382 3501 423 3586 μὴ
447 3501 498 3583 μὲν
522 3498 578 3585 ἐγὼ
601 3503 691 3589 κοόρρ
715 3501 838 3590 Βρισηίδι
861 3498 932 3587 χείρ’
957 3500 1086 3563 ἐπινεῖκαι

382 3607 440 3671 οὔτ’
464 3608 547 3692 εὐνῆς
569 3612 708 3695 πρόφασιν
732 3607 909 3693 κεχρημένος
932 3605 995 3668 οὔτε
1019 3627 1066 3667 τευ
1090 3604 1192 3668 ἄλλου.

228 3730 278 3811 qui
302 3729 363 3794 loci
386 3737 417 3794 et
440 3729 500 3812 ipsi
522 3730 604 3793 inter
626 3747 660 3794 se
684 3725 854 3792 dissimiles
871 3732 953 3805 sunt,
969 3745 1033 3791 non
1050 3745 1178 3812 possum
1203 3723 1357 3788 assentiri.

228 3829 252 3893 B
286 3831 349 3894 340
383 3831 467 3894 οιιίιιι
500 3831 615 3896 transit
649 3831 749 3894 oratio
785 3826 912 3910 obliqua
948 3829 979 3892 in
1014 3827 1179 3907 directam,
1213 3833 1248 3888 ut
1284 3824 1358 3889 illae

227 3933 380 4011 notiones,
415 3933 526 4016 quibus
560 3932 736 3997 subiectum
771 3931 944 3996 accusativi
978 3950 1005 3995 c.
1035 3931 1089 3996 ini.
1120 3928 1358 4008 determinatur,

226 4056 287 4099 non
311 4037 342 4100 in
367 4035 556 4115 accusativo,
580 4031 638 4099 sed
663 4035 695 4097 in
718 4034 913 4106 nominativo
935 4038 1103 4118 ponantur,
1128 4031 1216 4096 cuius
1232 4030 1358 4110 generis

222 4139 373 4225 ,exempla
396 4142 472 4202 sunt
493 4137 562 4200 sine
586 4135 654 4198 ulla
670 4134 859 4213 offensionm
883 4135 981 4200 altero
997 4134 1067 4199 loco
1091 4132 1130 4215 (T
1145 4133 1220 4212 258)
1243 4151 1357 4197 nomen
