3086 4680
697 261 886 323 ,2-

223 448 434 515 anacoluthon
457 469 526 514 esse
550 447 656 529 dieit¹)
677 450 851 515 orationem
875 448 979 514 minus
1002 447 1172 531 diligenter
1194 451 1357 524 structam,

223 551 309 618 idem
327 553 375 618 vir
395 550 518 634 doctus,
535 552 658 637 opinor,
675 572 740 620 non
757 551 901 619 defendit
915 550 948 617 id
965 550 1092 618 dicendi
1115 569 1226 633 genus,
1249 547 1357 614 ubiubi

222 656 390 738 inuenitur,
424 656 562 722 sermoni
596 675 666 723 esse
699 655 849 723 dedecori
883 655 1049 722 velillum
1079 655 1277 739 scriptorem,
1305 651 1358 735 qui

223 757 381 825 interdum
415 756 476 824 hac
508 756 655 824 liberiore
688 778 762 825 utus
790 764 839 825 est
866 757 992 824 dioeodi
1020 758 1154 839 ratione,
1177 776 1240 822 non
1263 773 1358 840 posse

224 859 309 946 quod
332 859 407 926 velit
427 870 514 926 recte
536 869 630 946 atque
653 860 820 928 commode
842 862 946 927 verbis
969 860 1149 947 complecti.
1194 857 1261 924 lam
1283 877 1361 922 vero

224 965 251 1030 si
273 961 458 1030 conceditur
480 961 565 1048 apud
589 984 844 1049 unumquemque
866 965 1065 1049 scriptorem,
1085 961 1135 1028 vel
1150 962 1305 1047 optimum
1320 979 1359 1024 ac

224 1065 491 1152 probatissimum,
515 1066 649 1131 inveniri
671 1065 901 1148 anacoluthias,
923 1067 956 1132 in
984 1086 1022 1132 eo
1053 1085 1115 1132 non
1142 1073 1192 1131 est
1214 1063 1358 1148 acquies-

224 1166 372 1244 cendum,
406 1174 441 1234 ut
473 1174 649 1236 statuamus
676 1167 728 1236 bic
754 1169 820 1237 illic
846 1163 972 1236 exstare
998 1167 1220 1248 anacoluthon,
1243 1165 1360 1251 quippe

224 1291 306 1358 quae
339 1270 528 1354 significatio
561 1291 602 1338 ea
633 1273 683 1355 sit,
718 1292 800 1357 quae
834 1273 935 1354 magis
969 1273 1097 1354 obtegat
1129 1271 1179 1338 vel
1212 1269 1360 1338 obscuret

224 1373 428 1442 difficultates
451 1394 544 1458 quam
567 1373 718 1460 expediat
739 1384 833 1460 atque
855 1375 1004 1456 illustret3
1031 1375 1130 1440 immo
1157 1391 1288 1442 necesso
1310 1379 1360 1438 est

226 1513 266 1524 -
289 1497 363 1544 nam
386 1477 418 1542 in
442 1475 632 1544 anacolutho
659 1484 692 1543 et
718 1498 815 1544 causa
841 1487 874 1544 et
900 1476 1014 1544 modus
1037 1483 1095 1558 est,
1118 1483 1153 1542 ut
1174 1472 1357 1557 Madvigii2)

225 1580 329 1646 verbis
351 1585 431 1662 utar,
453 1615 495 1625 —
518 1577 691 1662 videamus,
715 1579 790 1665 quid
814 1581 998 1666 scriptorem
1014 1580 1055 1646 ab
1071 1579 1189 1648 usitata
1203 1585 1360 1646 strumum

225 1682 427 1750 recedentem
451 1683 500 1748 rel
525 1681 744 1765 neglegentem
768 1683 856 1766 leges
870 1683 1095 1767 grammaticas
1111 1682 1252 1764 coegerit
1273 1679 1360 1748 solu·

225 1787 286 1854 tius
308 1805 347 1852 ec
369 1785 499 1852 liberius
520 1784 616 1870 loqui.
662 1784 781 1863 Quibus
815 1786 848 1852 iu
882 1785 985 1852 causis
1019 1783 1248 1868 investigandis
1280 1781 1360 1850 illud

225 1895 274 1956 est
295 1886 490 1970 evitandum,
513 1886 597 1972 quod
620 1887 768 1973 permulti
791 1887 895 1954 adhuc
918 1889 1155 1969 commisemnt,
1184 1907 1225 1954 ne
1247 1884 1360 1953 eadem

225 1997 376 2058 tractetur
397 1991 521 2058 ratione
555 1997 720 2076 poetarum
755 2011 794 2058 ec
820 1993 1035 2078 prosaicorum
1064 2011 1179 2072 sermo,
1207 1989 1293 2074 quod
1320 2009 1362 2056 ne

159 2121 161 2126 ’
227 2093 318 2162 tieret
339 2091 424 2160 idem
447 2092 501 2160 ille
523 2091 680 2180 Hauptius
702 2093 1006 2180 postulaverunt
1028 2093 1234 2179 scriptoribus
1262 2093 1363 2158 inter-

227 2193 398 2283 pretandis.
444 2194 525 2263 Nam
554 2206 706 2281 quantum
732 2197 858 2263 intersit
886 2196 1058 2263 discrimen
1086 2196 1168 2261 inter
1201 2195 1360 2280 poeticam

227 2300 403 2368 orationem
428 2311 460 2365 et
480 2299 661 2385 pedestrem
690 2300 791 2382 magis
819 2308 953 2386 apparet
978 2300 1011 2365 in
1033 2298 1121 2366 nullo
1148 2297 1210 2365 alio
1233 2295 1361 2366 dicendi

228 2422 346 2486 genere
368 2421 463 2487 quam
485 2401 519 2466 in
540 2401 612 2486 ipsa
633 2399 845 2469 anacolutbia.
891 2402 1005 2485 Atque,
1027 2407 1064 2468 ut
1086 2400 1222 2467 breviter
1244 2397 1361 2481 dicam,

229 2505 289 2573 boc
315 2504 390 2572 iude
417 2504 628 2588 consequitur,
657 2502 741 2589 quod
768 2505 903 2590 scriptor
934 2505 1107 2589 prosaicus,
1141 2521 1223 2588 quae
1256 2509 1363 2570 mente

229 2609 355 2692 cogitat,
380 2606 538 2694 exprimit,
561 2615 666 2692 poeta,
690 2627 771 2692 quae
791 2607 897 2674 animo
921 2606 1026 2674 sentit.
1064 2605 1134 2688 Hic,
1157 2607 1185 2672 si
1207 2605 1302 2672 modo
1322 2606 1363 2672 sit

229 2708 442 2778 nominandus
464 2714 569 2796 poeta,
591 2709 826 2776 anacolutlriam
848 2708 988 2777 admittit
1007 2708 1151 2775 consulto
1168 2714 1255 2776 certe
1270 2729 1362 2774 num·

230 2835 340 2901 quam3
362 2812 419 2880 sed
442 2819 603 2898 mquam
627 2813 725 2880 totius
747 2812 810 2878 loci
831 2821 942 2880 tenore
957 2815 1026 2898 ipso
1042 2812 1164 2894 cogitur
1178 2811 1362 2880 solutionem

229 2917 378 3006 persequi
411 2915 597 2998 orationem,
632 2917 796 3001 prosaicus
829 2923 935 2982 autom
969 2915 1093 3001 appetit
1124 2912 1208 2982 banc
1234 2912 1362 2980 dicendi

229 3021 362 3106 liguram
385 3027 450 3086 non
470 3037 554 3099 raro,
576 3017 643 3083 sive
665 3017 740 3102 quia
761 3018 979 3104 perspicuitati
995 3015 1114 3098 studet,
1134 3017 1200 3083 sive
1215 3023 1251 3084 ut
1265 3037 1364 3102 quen·

230 3123 305 3190 dam
338 3120 486 3190 effectum
518 3120 649 3205 excitet;
683 3129 789 3188 orator
823 3121 978 3206 imprimis
1011 3119 1094 3187 hanc
1122 3120 1181 3188 sibi
1210 3120 1364 3205 permittit

229 3225 404 3307 licentiam,
432 3223 493 3308 cui,
521 3231 555 3289 ut
581 3223 799 3308 Hermogenes
826 3222 946 3306 dicit4),
978 3221 1182 3288 anacoluthia
1208 3241 1365 3304 nonnum·

230 3348 324 3414 quam
347 3348 412 3397 non
435 3334 484 3394 est
505 3325 647 3409 uitanda,
670 3324 728 3393 sed
751 3324 939 3412 expetenda

316 3431 383 3498 lam
416 3450 490 3498 vero
523 3431 557 3495 in
590 3429 645 3495 illo
679 3427 901 3496 anacoluthiae
934 3447 1062 3510 genere,
1089 3428 1174 3513 quod
1201 3447 1259 3510 ego
1289 3427 1365 3494 mihi

232 3533 474 3604 describendum
497 3532 647 3619 proposui
669 3537 763 3616 atque
785 3529 1020 3616 explicandum,
1042 3537 1148 3597 exstat
1161 3531 1363 3618 participium

232 3637 440 3708 ἀνακολούθως
472 3641 668 3721 usurpatum.
716 3632 766 3700 Ad
788 3631 968 3702 huiusmodi
992 3652 1082 3699 usum
1106 3632 1366 3712 commodissima

243 3895 244 3900 η
319 3828 340 3896 ¹)
359 3826 502 3885 Ciceronis
520 3826 554 3881 de
572 3825 673 3882 finibus
692 3823 735 3879 ed.
753 3825 806 3880 111.
824 3841 851 3896 p.
869 3823 921 3880 853
939 3840 961 3880 s.
981 3841 1004 3879 r.
1022 3823 1217 3879 anacoluthon.

317 3915 340 3985 ¹)
358 3914 388 3970 iu
406 3907 469 3969 ludu.
487 3911 523 3967 ad
541 3912 601 3968 Cic.
619 3911 654 3966 de
672 3909 716 3967 fin.
734 3909 772 3966 Il
792 3909 832 3964 12.
851 3910 884 3965 37
904 3909 933 3981 (p
950 3910 1020 3979 210).

240 3997 244 4003 “
317 4001 339 4069 ¹)
357 3998 466 4070 Belger,
484 3997 502 4053 l.
519 3993 539 4052 l.
557 4013 576 4068 p
596 3998 654 4052 154.

317 4088 343 4154 ⁴)
362 4085 431 4141 rhet
449 4099 541 4154 graec
559 4081 603 4137 ed.
621 4081 743 4153 Spengel
763 4081 799 4135 IL
817 4097 836 4151 p
854 4081 905 4135 379
924 4080 968 4149 (cl.
987 4080 1155 4146 Volkmann,
1174 4080 1307 4135 Rhetorilr
1319 4081 1367 4134 der

234 4173 370 4227 Griechcn
388 4189 414 4228 u
431 4167 545 4228 Rbmer¹
560 4186 580 4240 p
598 4167 659 4224 564.
695 4167 809 4230 Gerber,
828 4164 873 4219 die
890 4164 1012 4235 Sprache
1030 4163 1071 4220 als
1091 4167 1184 4220 Kunst
1203 4165 1227 4220 12
1244 4166 1313 4234 546).
