3086 4680
679 221 874 286 Ι--»9-.-

208 407 259 474 hic
281 429 333 474 me
356 409 470 477 afferre
492 431 571 497 opos
594 434 657 480 uon
681 419 739 493 est,
763 412 910 496 quoniam
935 419 1047 497 postea
1069 414 1195 478 occasio
1214 412 1341 479 dabitur

208 531 264 578 eas
285 514 467 598 exponendi
489 523 583 600 atqua
612 514 708 582 simul
730 514 882 596 docendi,
911 533 1005 598 qoam
1034 534 1182 600 perverse
1215 514 1261 580 illi
1283 516 1340 581 riri

208 613 292 680 docti
315 613 533 684 iudicaverint.
578 617 635 686 His
666 625 771 684 autem
800 617 947 684 omnibus
973 616 1007 682 id
1042 618 1180 684 maxime
1214 617 1340 700 accidit,

207 724 242 783 ut
263 717 305 784 ad
327 719 508 804 opinionem
532 740 622 788 suam
645 719 833 787 firmandam
857 719 971 803 multa,
1000 740 1086 804 quae
1114 729 1186 788 sunt
1213 740 1341 806 prorsus

207 819 327 904 aliena,
361 831 585 910 compararent
617 830 711 908 atque
739 823 955 890 diversissima
985 822 1209 891 diversissimis
1239 823 1341 910 expli·

208 931 328 1002 carent.

294 1025 381 1106 Quae
404 1050 455 1098 res
478 1037 572 1116 atque
594 1031 821 1097 sententiarum
846 1030 983 1096 varietas
1010 1048 1128 1112 magna
1155 1049 1205 1095 me
1227 1030 1342 1096 incita-

207 1137 320 1196 verunt
341 1130 398 1202 ¹ad
435 1131 517 1200 hauc
554 1134 771 1217 quaestionem
810 1130 914 1198 denuo
951 1130 1188 1198 instituendam.
1234 1131 1343 1216 ltaque

207 1252 314 1319 meum
338 1253 409 1300 esse
430 1241 507 1320 puto
529 1254 706 1318 secernere,
728 1254 810 1319 quae
832 1234 1028 1302 secernenda
1049 1242 1131 1318 sunt,
1154 1242 1189 1300 ut
1211 1254 1342 1302 accusa-

207 1336 261 1401 tivi
296 1337 503 1425 participialis
536 1339 714 1424 proprietas
747 1338 846 1404 tubus
879 1338 928 1405 his
961 1337 1039 1405 locis
1067 1339 1197 1404 inventa
1228 1338 1343 1404 clarius

207 1437 425 1524 perspiciatur.
472 1440 539 1508 lloc
562 1442 685 1509 facilius
713 1439 781 1508 fieri
810 1461 872 1508 non
902 1446 1009 1527 potest
1035 1460 1128 1525 quam
1153 1442 1343 1508 examinatis

207 1543 382 1624 generatim
406 1544 453 1608 eis
476 1544 641 1630 exemplis,
666 1565 746 1629 quac
774 1544 977 1631 participium
1007 1563 1079 1609 cum
1107 1545 1244 1609 nominis
1266 1562 1342 1609 casu

208 1663 271 1710 nou
295 1663 472 1728 congruens
493 1647 660 1732 praebent,
683 1667 746 1732 qua
766 1649 798 1712 in
823 1667 857 1712 re
880 1667 919 1713 ea
941 1647 1111 1733 praecipue
1133 1647 1342 1732 respiciamus

208 1767 341 1816 necesse
368 1756 430 1836 est,
458 1768 541 1836 quae
567 1751 683 1816 iniuria
711 1751 829 1819 collata
856 1759 944 1831 sunt3
975 1771 1047 1816 nam
1081 1770 1186 1833 nemo,
1220 1751 1342 1835 opinor,

207 1851 284 1918 milri
301 1860 408 1920 uertet
429 1855 608 1940 opprobrio,
632 1853 716 1939 quod
740 1873 802 1920 uon
826 1855 934 1920 omnia
957 1875 996 1918 ex
1019 1853 1165 1920 omnibus
1182 1856 1342 1939 scriptori-

209 1954 265 2022 bus
292 1956 460 2044 prcleram.
506 1956 631 2023 Deinde
660 1957 834 2037 rideamus,
870 1976 956 2038 num,
991 1963 1025 2020 ut
1059 1955 1163 2021 adhuc
1189 1945 1351 2042 putabant

209 2059 265 2124 riri
287 2058 383 2142 docti,
406 2059 455 2127 his
479 2061 644 2147 exemplis,
668 2080 749 2144 quae
771 2060 929 2145 participii
956 2078 1046 2124 usum
1077 2058 1195 2126 habent
1215 2058 1343 2125 liberio-

208 2181 285 2244 rem,
309 2163 481 2228 illustretur
503 2164 559 2229 illa
582 2165 768 2249 propriane,
792 2181 872 2245 quae
895 2163 979 2227 inest
995 2163 1026 2226 iu
1043 2162 1143 2227 tribus
1159 2162 1248 2244 locis,
1265 2183 1342 2246 quos

209 2283 304 2349 supra
326 2265 487 2333 attulimus
511 2287 551 2332 ex
573 2265 723 2353 Aeschyli
746 2273 778 2332 et
800 2264 967 2350 Sophoclis
991 2265 1114 2332 fabulis.

568 2453 685 2538 Cap.
714 2455 775 2522 ΙΙ.
801 2476 928 2539 pars
955 2455 989 2519 Ι.

294 2591 526 2678 Discrepantia‚
549 2611 630 2676 quae
653 2611 750 2676 saepe
772 2563 941 2657 intercedit
963 2591 1044 2655 inter
1059 2591 1216 2678 participii
1234 2611 1342 2657 casum

210 2702 242 2761 et
262 2697 410 2780 nominis,
438 2714 517 2762 sanc
543 2701 592 2760 est
619 2694 773 2760 sermonis
802 2693 917 2760 Graeci
945 2694 1083 2779 propria,
1107 2692 1163 2760 sed
1188 2714 1252 2760 nou
1275 2703 1341 2760 tarn

210 2799 388 2884 singularis,
411 2805 446 2864 ut
466 2797 522 2864 illa
544 2797 701 2882 quomodo
724 2803 794 2863 orta
816 2797 943 2863 sitnon
966 2796 1176 2880 intellegatur.

739 2971 812 3052 §1-

295 3107 510 3195 Participium‚
541 3108 630 3174 cuius
657 3114 771 3174 natura
797 3107 934 3174 verbalis
962 3107 1072 3191 efficit,
1094 3119 1129 3174 ut
1150 3107 1280 3174 liberius
1303 3107 1345 3173 ad

210 3231 326 3280 nornen
352 3212 548 3298 praecedens
576 3210 763 3297 applicetur,
789 3216 856 3276 turn
885 3230 957 3276 cum
985 3230 1005 3275 a
1031 3212 1169 3278 nominis
1197 3211 1245 3277 sui
1268 3230 1344 3277 casu

210 3314 341 3399 recedit,
364 3314 447 3382 solet
468 3315 502 3380 in
524 3313 672 3396 genetivo
695 3313 782 3400 poni,
798 3313 845 3380 ita
859 3321 894 3379 ut
908 3312 960 3380 hic
976 3332 1068 3380 casus
1084 3313 1186 3397 magis
1201 3313 1345 3380 minusve

210 3427 277 3485 arte
300 3417 470 3486 cohaereat
492 3436 564 3483 cum
588 3415 750 3482 enuntiato
772 3415 935 3501 primario.
980 3413 1057 3483 lude
1080 3416 1234 3499 originem
1258 3415 1346 3482 ducit

210 3522 403 3590 constructio
412 3521 436 3606 ¹)
459 3520 595 3602 genetivi
619 3518 673 3603 qui
695 3524 825 3584 vocatur
847 3517 995 3602 absoluti,
1018 3518 1170 3603 adquam
1186 3538 1277 3585 usum
1293 3518 1345 3585 hic

210 3709 263 3766 soli
282 3725 344 3764 esse
361 3709 440 3781 poesi
457 3706 646 3774 tribuendam
663 3708 729 3762 item
744 3707 902 3761 Wundarus
915 3706 966 3770 (Αἰ
979 3707 1066 3774 loce).
1095 3705 1344 3761 Grammaticorum

210 3796 374 3850 Kualruerus
391 3794 467 3850 solus
485 3793 535 3862 lgr.
548 3808 588 3862 gr.
606 3794 636 3848 II
653 3791 715 3865 496]
735 3792 830 3862 attigit
846 3792 917 3845 hanc
934 3792 1130 3862 proprietatem
1142 3821 1174 3832 -
1185 3792 1345 3862 Kruegerus

209 3884 238 3935 et
256 3880 414 3950 Madvigius
430 3883 526 3934 tacent
544 3909 576 3919 -
596 3882 624 3932 et
642 3879 795 3934 Hermanni
814 3877 936 3948 opinioni
954 3877 1141 3948 adstipulatus
1159 3882 1211 3932 est.

296 3967 318 4035 1)
336 3966 365 4020 id
389 3964 461 4036 quod
485 3964 643 4022 &lassamus
661 3963 680 4022 l.
697 3963 716 4022 l.
734 3967 810 4018 recte
833 3962 1039 4029 demonstrarit,
1063 3963 1110 4033 qui
1128 3961 1212 4018 habet
1229 3963 1345 4017 assenti-

212 4057 293 4108 entes
317 4051 532 4107 Delbrueelrium
561 4051 642 4120 [synt
661 4049 798 4120 Graeap
818 4048 876 4117 125]
905 4048 1128 4117 Brugmanninm.
1161 4046 1346 4118 [lw.l1iiller,

211 4140 321 4194 Haudb.
340 4139 366 4194 d.
385 4139 469 4194 lrlass.
489 4137 715 4194 Altertumswiss.
734 4137 761 4190 ll
780 4140 794 4200 ξ
816 4135 873 4204 175]
893 4137 994 4190 multos
1013 4135 1091 4191 alios.
1207 4173 1208 4176 η
