3086 4680
704 295 916 358 ..45--

249 503 373 549 versum
390 484 565 569 applicatus
581 492 629 550 est
644 482 685 550 ad
697 485 888 550 sententiam
899 481 1144 570 praecedentem
1157 502 1219 548 non
1231 487 1378 568 respecta

247 587 359 669 torma,
382 605 475 671 quam
499 607 538 652 ea
560 597 736 673 acceperat.
770 586 805 653 ln
830 585 963 654 eandem
987 586 1166 672 opinionem
1190 584 1378 652 adducimur

248 711 285 757 eo
313 709 450 776 quoque,
478 689 563 774 quod
589 690 646 756 illa
673 692 784 774 rerba,
811 711 891 775 quae
919 688 1125 772 antecedunt,
1152 689 1263 756 saltem
1291 688 1378 776 apud

248 793 455 880 Aeschylum,
483 814 545 861 non
574 799 649 861 sunt
675 793 846 877 eiusmodi,
874 800 908 859 ut
933 793 1066 880 proclivi
1092 793 1227 860 transitu
1253 794 1285 858 in
1313 793 1379 859 alia

248 898 379 981 abeant,
413 897 518 984 qualia
550 898 607 964 viri
641 897 726 964 docti
758 905 884 983 poetam
913 898 945 963 in
979 903 1085 964 mente
1111 896 1259 964 hahuisse
1292 897 1378 964 arhi-

248 1002 415 1086 trantur;¹)
443 1003 530 1068 cuius
560 1001 685 1086 quidem
708 1002 833 1085 generis
860 1007 907 1068 est
929 1000 1007 1067 Plat.
1032 999 1164 1067 Phaedr.
1187 1000 1296 1083 arth,
1324 1000 1378 1066 ubi

250 1107 377 1174 verbum
406 1105 528 1172 linitum
555 1105 648 1172 facile
670 1106 716 1171 ita
737 1106 815 1172 verti
840 1103 980 1171 videmus
1008 1103 1061 1189 (cl.
1085 1125 1107 1190 p
1128 1103 1200 1188 20),
1226 1125 1247 1168 ιι
1282 1124 1378 1170 αααιι-

249 1212 367 1277 sativos
390 1210 548 1296 participii
572 1229 706 1294 sequens
730 1210 818 1293 quasi
843 1209 911 1275 vice
933 1208 1048 1276 obiecti
1069 1207 1232 1291 iungatur3
1256 1207 1312 1274 sed
1328 1208 1378 1274 his

248 1314 350 1380 tribus
369 1312 447 1381 locis
470 1333 521 1379 res
544 1312 635 1378 aliter
657 1333 692 1379 se
714 1312 819 1379 habet.
854 1310 935 1378 Nam
958 1331 1085 1397 prorsus
1108 1311 1171 1376 alia
1193 1311 1289 1377 verba
1303 1312 1377 1378 sub-

248 1415 434 1498 stituuntur,
462 1435 542 1501 quae
565 1423 708 1500 quartum
731 1436 839 1482 casum
863 1415 1017 1499 efficiant,
1045 1415 1129 1483 velut
1150 1419 1255 1504 τρόμος
1276 1415 1379 1504 μ’ἕχει

249 1543 305 1608 pro
333 1522 473 1585 πέταλταὶ
495 1546 540 1606 μα
562 1521 662 1614 >rt-effi)
690 1522 740 1589 vel
767 1525 851 1606 reiron
878 1523 992 1592 ἔκλυσις
1018 1544 1054 1604 με
1080 1521 1293 1606 καταλαμβάνει
1319 1542 1378 1608 pro

249 1630 367 1693 λέλυται
389 1631 465 1714 ἐμῶν
487 1631 570 1713 μίαν
593 1629 720 1716 palpasti
743 1637 797 1695 aut
819 1631 845 1697 si
874 1631 913 1696 ab
936 1629 1048 1695 eodem
1076 1629 1171 1696 verbo
1194 1635 1380 1715 repetuntur

248 1736 382 1818 formae,
412 1737 463 1801 vix
492 1733 648 1802 accedunt
675 1733 716 1800 ad
743 1735 929 1817 gravitatem
959 1735 1025 1801 eius
1053 1734 1256 1820 periphrasis,
1283 1755 1378 1819 quam
1490 1783 1491 1786 ,

247 1840 355 1926 posuit
382 1847 484 1925 poeta
532 1836 613 1905 Nam
637 1857 729 1923 quam
754 1837 836 1904 exile
865 1845 927 1920 est,
955 1839 1038 1922 quod
1065 1837 1156 1905 affert
1183 1837 1379 1922 linehnerus,

248 1944 355 2008 λέλυκέ
381 1967 416 2028 με
443 1945 528 2032 ῥώμη
554 1962 611 2029 pro
638 1943 755 2007 λέλυται
782 1943 859 2027 ἐμιῑιν
884 1943 968 2027 μίαν
996 1941 1102 2029 ῥώμηῗ
1147 1941 1238 2020 Quod
1271 1950 1377 2008 autem
1493 1978 1494 2004 l

250 2050 560 2129 circumlocutiones,
588 2070 665 2134 quas
694 2055 835 2117 statuunt
856 2049 913 2115 viri
937 2047 1021 2114 docti
1044 2047 1277 2115 anacoluthiam
1301 2045 1378 2114 effe·
1494 2062 1495 2070 ¹

250 2154 339 2236 cisse,
363 2153 561 2238 proferuntur
583 2152 826 2234 diversissimae,
849 2151 882 2216 id
905 2153 968 2218 iam
991 2151 1084 2218 docet
1099 2159 1225 2237 poetam
1248 2151 1378 2218 omnino

249 2277 311 2322 non
335 2256 490 2337 cogitasse
513 2255 553 2320 de
576 2263 662 2321 certa
684 2254 871 2341 periphrasi,
904 2251 961 2321 sed
988 2256 1021 2319 in
1043 2253 1223 2336 generalem
1246 2254 1376 2320 modum

248 2358 373 2427 additos
389 2380 459 2426 esse
473 2360 670 2425 accusativos
686 2359 852 2444 participii.
887 2359 990 2441 Atque
1006 2357 1048 2423 ad
1062 2356 1096 2422 id
1111 2357 1215 2443 ipsum
1238 2359 1377 2424 maxime

248 2463 364 2529 idonea
385 2468 458 2529 sunt
479 2461 584 2544 verba,
609 2461 715 2546 qualia
737 2465 811 2528 sunt
833 2462 936 2540 κλύειν,
959 2463 1104 2550 προσιδεῖν,
1128 2480 1199 2528 cunr
1216 2461 1376 2529 notionem

249 2566 406 2634 sentiendi
429 2568 607 2634 universam
631 2565 776 2633 habeant.

334 2670 421 2737 Haec
444 2669 570 2736 dicendi
593 2671 673 2736 ratio
697 2669 931 2755 quodammodo
959 2675 1007 2738 est
1033 2669 1206 2736 consimilis
1234 2670 1262 2736 ei
1286 2670 1376 2752 mori,

250 2795 310 2859 quo
334 2779 449 2860 poetae
471 2775 645 2842 sententias
667 2775 852 2861 inceperunt
875 2775 1068 2840 nominativo
1091 2773 1250 2859 participii
1273 2774 1376 2859 posito

248 2895 311 2944 non
345 2879 565 2962 respicientes,
599 2877 755 2961 quomodo
790 2873 938 2963 epodosis
972 2897 1105 2962 sequens
1139 2882 1224 2943 esset
1252 2877 1376 2943 confor-

249 2981 366 3047 manda
388 2980 441 3065 (cl.
464 3001 485 3066 p
508 2979 573 3062 25).
619 2977 699 3045 Nam
727 2984 763 3046 ut
794 2979 852 3061 ihi,
885 2979 1041 3064 imprimis
1071 2978 1155 3067 apud
1182 2979 1375 3065 Aeschylum

249 3085 303 3169 (cl.
319 3105 340 3170 p
355 3083 422 3168 25),
445 3081 634 3165 generaliter
656 3082 819 3168 praecedit
833 3083 1043 3150 nominativus
1059 3083 1218 3170 participii
1233 3082 1376 3167 sequenti

249 3187 435 3270 sententiae,
456 3187 502 3252 ita
522 3185 621 3253 trihus
644 3185 735 3252 locis:
765 3185 905 3274 (lhoeph.
929 3188 1006 3269 399,
1030 3185 1077 3252 El.
1101 3189 1179 3269 479,
1202 3187 1288 3254 Pers.
1312 3189 1377 3250 890

250 3290 452 3378 praecedenti
476 3289 653 3356 sententiae
676 3291 872 3358 accusativus
888 3290 1046 3376 participii
1069 3290 1266 3374 subiungitur
1280 3288 1377 3376 plane

251 3395 406 3462 universe.

335 3495 422 3564 llaec
450 3496 561 3563 eadem
589 3495 773 3582 explicatio,
801 3516 894 3580 quam
922 3498 1084 3582 proposui,
1118 3495 1268 3563 admonet
1294 3495 1377 3564 hanc

249 3601 472 3687 proprietatem
500 3599 671 3666 accusativi
698 3599 904 3685 participialis
939 3599 1023 3685 apud
1050 3599 1208 3666 neminem
1242 3601 1376 3666 inveniri

250 3706 310 3772 nisi
333 3704 417 3790 apud
440 3707 561 3788 poetas,
584 3703 664 3768 sicut
686 3701 739 3768 ille
755 3723 830 3768 usus
845 3702 1074 3769 audacissimus
1093 3704 1258 3789 praemissi
1274 3705 1375 3770 nomi-

250 3809 345 3874 nativi
368 3807 401 3873 in
423 3808 512 3894 poesi
535 3805 603 3873 sola
625 3810 738 3873 exstat.
782 3803 891 3890 ltaque
918 3805 1078 3892 exempla,
1108 3825 1188 3892 quae
1211 3827 1280 3874 eam
1304 3827 1376 3874 ora-

335 4047 355 4119 ¹)
373 4065 454 4119 quem
472 4047 637 4101 sententiam
654 4046 755 4117 primus
774 4046 887 4115 protulit
905 4045 939 4102 G.
958 4043 1132 4102 Hermannns
1150 4046 1215 4118 etp
1233 4047 1248 4100 9
1265 4046 1328 4102 adn.
1348 4047 1376 4105 8.

334 4133 356 4201 A)
375 4136 415 4191 sic
433 4131 606 4188 Hermannus
626 4136 654 4186 et
671 4133 841 4187 Kuehrrerus.

333 4221 357 4288 8λ
375 4222 415 4275 sic
434 4217 690 4273 Schiller·Gonradt.
