3086 4680
672 214 861 280 ..8-

201 406 320 493 accipit
343 407 480 475 eundem
503 415 597 492 atque
621 429 736 476 nomen
761 425 868 489 snum;
892 402 924 468 id
948 402 1032 488 quod
1054 422 1117 469 non
1136 400 1334 470 titinnius

202 509 266 577 illis
289 510 443 596 exemplis
470 520 502 578 et
524 511 663 598 Choeph.
689 519 720 576 et
742 509 829 578 Pers.
852 515 884 573 et
905 505 1032 588 Electr.;
1061 506 1179 571 etenim
1206 504 1334 590 pertici-

201 613 306 700 pium,
341 615 399 679 etsi
427 615 563 681 nominis
590 635 690 700 genus
718 622 750 680 et
777 629 928 678 numerus
957 617 1135 694 servamur,
1169 606 1265 673 alium
1300 607 1332 671 in

202 733 312 784 casum
340 717 415 784 abit.
461 709 515 784 Sic.
542 719 683 803 sequitur
705 715 844 804 (lhoeph.
869 715 931 779 399
954 720 986 779 et
1009 711 1125 778 Electr.
1147 711 1212 776 479
1239 729 1333 777 aceu-

202 819 322 886 sativu's
357 820 516 906 participii
550 823 693 888 κλύουσαν
728 819 868 886 dativum
902 816 1040 885 nominis
1067 839 1123 900 μοι,
1157 813 1241 880 Pers.
1270 814 1335 878 894

200 924 446 1008 ςοιιο110οἐμιῑιν
473 926 612 1008 iungitur
642 925 841 992 aecusativus
871 923 1045 1012 0000980το.
1091 919 1176 1002 Ergo
1205 918 1333 1004 partici-

202 1027 290 1112 pium
314 1027 456 1096 uidemus
480 1049 499 1094 a
521 1029 649 1096 nomine
673 1028 820 1095 solutum.
855 1027 937 1106 Quid
959 1033 1064 1094 autern
1082 1026 1235 1094 excitavit
1250 1023 1333 1090 hanc

203 1148 332 1196 casuum
356 1129 624 1217 discrepantiam?
668 1130 747 1199 Eam
772 1130 913 1199 nonnulli
938 1130 995 1197 riri
1019 1130 1103 1197 docti
1126 1136 1191 1200 tum
1220 1129 1332 1218 miram

203 1251 275 1300 esse
302 1239 396 1317 atque
431 1235 612 1300 inusitatum
640 1241 841 1314 censuerunt,
875 1241 908 1300 nt
931 1232 1054 1300 Graeco
1088 1233 1332 1312 sermonipeam

201 1334 401 1402 tribuendam
435 1356 506 1403 csse
534 1345 702 1422 negarent,
736 1338 842 1402 etsie
876 1336 1033 1419 corrigere
1067 1334 1266 1417 studuerunt,
1300 1343 1334 1399 nt

201 1436 407 1506 anacoluthia
428 1439 485 1506 illa
507 1448 573 1506 tarn
601 1440 730 1525 propria
755 1438 850 1524 plane
877 1444 1090 1505 evanesceret.
1136 1437 1188 1504 Sic
1210 1436 1333 1503 indica·

201 1548 313 1608 uerunt
353 1541 509 1628 imprimis
555 1541 835 1624 Herwerdenns,¹)
878 1540 1114 1628 Blaydesius‚²)
1157 1538 1332 1622 Peleius,³)

202 1641 535 1736 Reifferscheidtius.⁴)
580 1645 643 1710 Alii
670 1653 786 1728 autern,
812 1664 893 1728 quae
921 1644 1030 1711 codice
1064 1642 1242 1724 traduntur,
1276 1661 1339 1727 pro·

200 1747 286 1840 sanis
309 1747 427 1814 hebere
446 1768 510 1814 non
532 1746 763 1830 dubitaverunt,
786 1746 843 1815 sed
859 1749 948 1832 quasi
963 1748 1020 1814 illa
1034 1766 1165 1814 casuum
1187 1745 1333 1828 enallage

200 1851 233 1915 in
256 1850 421 1917 tralaticiis
439 1851 538 1918 ‘rebus
562 1859 647 1918 esset
661 1851 869 1934 numeranda,
893 1853 1120 1936 acquieverunt
1134 1851 1168 1916 in
1183 1869 1232 1928 eo,
1248 1847 1333 1934 quod

201 1953 436 2019 anacoluthiam
459 1973 530 2020 esse
558 1960 751 2034 statuerunt,
785 1973 857 2019 cum
885 1973 946 2019 non
981 1954 1224 2036 investigarent,
1257 1950 1332 2037 quid

201 2055 411 2122 anacoluthon
436 2058 595 2132 mouisset.
631 2057 683 2122 Sic
706 2058 802 2123 sentit
815 2055 1060 2125 Wuunowskins
1075 2055 1159 2121 hauc
1174 2075 1244 2122 esse
1264 2075 1330 2119 rem

202 2165 310 2225 notam
335 2159 384 2224 vel
406 2159 571 2241 tironibus,
595 2168 629 2225 nt
644 2161 675 2223 in
693 2178 732 2224 ee
748 2158 945 2225 recensenda
959 2159 1073 2224 morari
1089 2178 1160 2225 eum
1182 2158 1331 2244 pigeas)

201 2261 263 2327 Alii
287 2260 460 2346 explanare
484 2263 589 2329 conati
613 2270 699 2343 sunt,
734 2261 818 2327 unde
847 2281 977 2341 casuum
1004 2261 1151 2344 enallage
1179 2260 1235 2328 illa
1266 2268 1331 2326 tam

199 2364 367 2448 singularis
380 2365 535 2446 originem
552 2363 698 2446 ducerem
714 2365 869 2450 imprimis
886 2363 1107 2449 Brnnelrius‚⁸)
1124 2361 1332 2444 Elmsleins,⁷)

198 2467 433 2552 Hermannus⁸)
468 2476 541 2534 sunt
567 2467 768 2552 nominandi,
803 2488 935 2552 quorum
963 2468 1069 2534 sarias
1103 2466 1331 2552 explicationes

287 2674 307 2741 1)
327 2674 355 2727 10
374 2673 417 2727 ed.
436 2671 520 2742 Soph.
539 2671 606 2729 Oed.
625 2673 657 2729 R.
678 2674 713 2728 ad
731 2689 755 2730 r.
774 2675 834 2730 159.

284 2759 306 2826 2)
324 2757 508 2827 compluribus
526 2757 594 2814 locis
613 2757 697 2829 Seph.
717 2759 880 2826 fabularum,
898 2758 1030 2830 imprimis
1049 2759 1084 2813 ad
1102 2759 1145 2814 m.
1164 2760 1223 2816 479.

282 2845 304 2914 ⁸)
323 2844 359 2899 ed
378 2843 462 2913 Seph.
480 2844 524 2900 m.
541 2846 602 2900 479.

282 2931 304 3000 4)
322 2931 351 2984 10
369 2930 426 2986 ind.
443 2929 508 2986 leet.
527 2931 610 2988 Vrat.
630 2931 704 2986 1876.

283 3017 305 3085 ⁵)
323 3015 358 3072 01.
376 3019 525 3085 syntaxeos
544 3016 687 3071 anomalae
710 3031 802 3086 graec.
826 3017 900 3076 1885.
919 3034 937 3088 p
959 3017 1020 3084 1ae;
1044 3017 1117 3071 idem
1136 3016 1242 3072 indicet
1259 3016 1331 3072 Ben-

197 3103 309 3158 loewius
329 3101 374 3172 (de
394 3101 568 3172 Sophocleae
587 3101 718 3158 dictionis
736 3103 905 3174 proprietate
925 3104 1006 3170 1847)
1024 3120 1042 3174 p
1061 3103 1103 3158 95.

283 3188 305 3258 9)
323 3188 352 3241 10
380 3186 565 3257 compluribus
592 3191 621 3242 et
646 3188 848 3258 tragoediarum
876 3193 905 3244 et
931 3188 1130 3244 comoediarum
1154 3188 1331 3253 editionibus,

199 3273 332 3345 imprimis
351 3273 379 3326 in
397 3272 460 3328 adn.
480 3273 515 3327 ad
533 3273 576 3339 m,
595 3274 654 3339 479,
673 3289 728 3344 qno
750 3274 889 3344 legentem
917 3275 974 3330 iere
1001 3289 1109 3344 semper
1135 3270 1259 3330 remittit.
1295 3272 1330 3327 de

197 3361 255 3412 eins
274 3359 454 3414 sententiar.
474 3357 522 3412 ini.
1352 3417 1353 3420 ,

282 3445 302 3515 7)
322 3443 357 3498 de
375 3444 428 3499 hec
446 3460 475 3498 re
494 3444 561 3498 dicit
578 3446 697 3515 saepius,
720 3446 854 3517 imprimis
873 3448 901 3501 in
920 3446 983 3502 adn.
1003 3446 1038 3500 ad
1056 3445 1120 3504 Eur.
1139 3445 1252 3501 Heracl.
1271 3447 1329 3501 698.

196 3529 229 3585 Ο.
248 3530 279 3586 0.
301 3530 373 3584 1486.
409 3529 444 3584 (10
463 3530 521 3584 eius
540 3531 722 3588 sententiar.
740 3532 789 3587 ini.
808 3548 826 3602 p
846 3534 886 3589 13.
907 3535 947 3588 14.
966 3532 1030 3588 adn.
1048 3535 1073 3588 4.

282 3615 304 3684 8)
322 3615 352 3668 10
370 3614 434 3670 adn.
452 3614 578 3684 advig.l
595 3631 621 3685 p.
634 3617 697 3684 8693
717 3615 886 3687 aliquantum
904 3621 997 3672 entem
1010 3618 1143 3688 temporis
1155 3617 1330 3672 Hermannus

195 3699 311 3756 illmslei
328 3700 484 3771 opinionem
508 3706 621 3757 seentns
645 3709 711 3770 eret,
735 3703 811 3758 cuins
835 3719 927 3758 errore
948 3707 1047 3775 postes
1069 3702 1180 3773 cognito
1199 3702 1235 3756 ad
1253 3717 1330 3758 suern

195 3786 359 3840 sententiam
378 3785 495 3855 priorem
514 3785 589 3856 (Vig.
608 3789 623 3842 l.
645 3788 662 3842 l.
681 3789 828 3858 prolatam)
845 3789 960 3844 revertit
979 3789 1031 3859 [01.
1047 3789 1139 3844 adnot.
1163 3788 1222 3843 eius
1248 3788 1284 3842 ad
1302 3786 1330 3843 S.

196 3869 373 3940 961436)
401 3871 443 3925 Ea
460 3869 636 3948 plurimorum
654 3889 797 3929 assensum
814 3874 886 3942 tulit,
905 3874 981 3930 velut
1000 3875 1137 3929 Wrobelii
1156 3874 1201 3944 [de
1220 3874 1330 3942 generis

196 3957 299 4012 numeri
318 3972 429 4011 omnum
448 3956 625 4012 enecolnthie
643 3975 687 4029 ep.
706 3963 778 4030 poet
795 3963 866 4030 treg.
885 3959 932 4016 Gr.
953 3961 1018 4016 1871
1036 3963 1052 4025 1
1070 3961 1104 4014 11
1114 3957 1143 4031 b]
1163 3958 1330 4029 Gampbellii

195 4042 305 4111 [introd.
333 4042 364 4096 ol
387 4042 526 4111 languege
550 4042 582 4100 01
605 4042 690 4115 Soph.
709 4045 976 4102 scincturam.
995 4045 1065 4114 479)
1101 4043 1258 4100 Lobeckius
1281 4045 1330 4114 (ai

197 4128 281 4198 1008),
300 4129 347 4200 qui
365 4128 481 4183 eandem
499 4127 711 4199 explicationem
724 4131 855 4200 sequitur,
870 4135 943 4184 recte
955 4129 1093 4184 intellexit
1104 4131 1177 4184 hanc
1191 4129 1329 4184 licentiam
