3086 4680
656 252 869 323 *23*

201 452 264 517 ism
288 451 390 536 ipsum
409 449 533 533 accepit
552 451 688 534 primum
705 467 825 528 casum,
842 469 933 532 quem
952 449 976 514 si
995 443 1192 534 participium
1210 460 1333 531 quoquc

202 553 317 632 induit,
352 554 464 616 mirum
500 569 562 614 non
595 555 654 616 est.
700 549 864 616 Eiusmodi
899 557 1004 616 antem
1041 571 1114 615 usus
1148 540 1354 615 nominativi¹

201 654 408 740 participialis
423 653 524 737 qualis
540 659 589 717 est
610 651 684 717 Eur.
700 651 777 718 Hec.
795 653 859 716 970
882 661 914 716 et
929 651 1024 718 Thoe.
1043 651 1106 716 Vll.
1124 653 1175 717 ta.
1193 655 1213 715 2
1232 670 1333 736 noque

201 757 287 842 apud
315 755 486 820 Homerum
510 756 668 820 invenitur
694 775 796 838 neque
819 754 904 839 apud
929 753 1098 819 Pindarum
1123 772 1224 838 neque
1248 754 1333 840 apud

203 858 402 944 Sophoclem.
431 856 479 922 Ex
492 855 644 940 Euripide
656 856 925 922 modovattulimus
938 877 1035 922 unum
1049 855 1136 940 (Eur.
1151 857 1225 922 Heu.
1240 859 1333 938 970);

203 961 286 1045 quod
310 967 414 1026 autem
438 959 572 1042 legimus
595 958 664 1024 Hel.
688 961 767 1024 287:
1064 981 1066 988 ¹
1246 1006 1249 1012 ι

407 1071 440 1133 τὸ
462 1069 488 1134 δ’
501 1071 622 1156 ἔσχατον
644 1070 731 1147 τοῦτ’,
755 1073 779 1134 εἰ
801 1071 936 1154 μόλοιμεν
959 1074 999 1140 εἰς
1020 1078 1129 1159 πάτραν

409 1176 550 1262 κλῄθροις
572 1178 607 1236 ἂν
629 1175 820 1263 εἰργοίμεσθα,
843 1175 896 1258 τὴν
920 1175 964 1238 ὑπ’
979 1173 1055 1262 Ἰλίῳ

408 1281 555 1348 δοκοῦντες
572 1281 697 1364 Ἑλένην
721 1281 861 1346 Μενέλεω
883 1279 912 1363 μ’
927 1282 1023 1344 ἐλθεῖν
1047 1285 1128 1364 μέτα.
1161 1309 1164 1318 ¹

203 1402 280 1466 mihi
304 1399 485 1486 persuaderi
510 1421 572 1466 non
596 1406 703 1486 potest
725 1420 837 1466 sanum
861 1421 929 1465 esse
953 1400 1037 1466 huuc
1060 1401 1207 1484 locuml)
1254 1399 1334 1466 Num

203 1505 379 1590 Aeschylus
404 1504 485 1568 hunc
508 1524 599 1568 usum
623 1503 780 1584 exhibeat,
805 1507 830 1568 si
855 1506 1044 1588 quaerimus
1069 1505 1247 1587 negandum
1272 1513 1334 1586 est;

203 1611 292 1673 ouius
315 1609 341 1672 si
364 1606 487 1671 fabulas
510 1607 815 1691 perlustraverimus,
838 1606 943 1690 quoad
972 1591 1091 1673 codicis
1115 1591 1336 1674 'observabitur

204 1711 293 1791 fides,
317 1708 496 1793 exemplum
521 1709 717 1776 inveniemus
740 1709 871 1774 nullum.
912 1708 1013 1775 Unum
1030 1711 1165 1775 obtmsit
1177 1709 1335 1796 Aeschylo

206 1814 414 1892 Hermannus,
440 1820 572 1896 accepta
595 1811 788 1878 Tricliniana
812 1811 1036 1877 emendatione
1064 1813 1206 1878 scribens
1230 1811 1334 1878 Prom.

206 1917 266 1979 561
291 1915 343 1979 lt:

409 2002 480 2088 χρίει
501 2022 543 2070 τις
565 2001 601 2064 αὖ
624 2023 659 2082 με
682 2002 739 2062 τάν
755 2002 892 2062 τάλαιναν
915 2001 1033 2088 οἶστρος,

410 2106 528 2170 εἴδωλον
544 2102 652 2192 ’Appon
674 2113 820 2188 γηγενοῦς,

410 2213 496 2274 dieue
519 2212 564 2285 hut,

411 2317 459 2380 τὸν
482 2315 623 2403 μυριωπὸν
646 2317 787 2403 εἰσορῶσα
810 2315 921 2400 βούταν.
955 2375 960 2384 ,

205 2437 322 2502 omissa
345 2457 421 2502 voce
446 2436 595 2524 φοβοῦμαι,
626 2457 720 2520 quam
749 2437 849 2503 codes
877 2437 1003 2502 exhibet
1032 2445 1107 2522 post
1128 2439 1204 2519 lli-²)
1251 2424 1339 2520 llaec

205 2549 308 2608 autem
337 2544 471 2608 mutatio
499 2543 578 2607 mihi
607 2540 732 2626 quidem
758 2541 880 2607 videtur
907 2562 968 2606 non
997 2542 1186 2626 probabilis,
1221 2544 1338 2628 quippe

205 2664 267 2726 qua
301 2653 360 2710 me‘
386 2644 491 2712 iudice
525 2631 684 2712 sententia
712 2665 824 2728 parum
847 2643 1021 2710 adiuvetur.
1069 2644 1205 2712 Verbum
1241 2645 1338 2710 otuu

206 2748 305 2830 euim,
341 2759 374 2815 ut
400 2749 471 2815 aliis
498 2749 577 2814 locis
604 2747 800 2834 Aeschylon,
839 2749 891 2814 uhi
926 2749 1048 2830 legitur,
1080 2750 1142 2815 vim
1177 2749 1340 2820 avertendi

206 2849 327 2917 habens
351 2851 410 2917 hoo
433 2871 555 2936 quoque
572 2851 641 2917 loco
658 2849 792 2934 quadrat
806 2851 970 2936 aptissime
986 2853 1018 2915 in
1035 2872 1174 2934 sonsum,
1197 2857 1340 2935 stregai

207 2955 421 3020 accusativum
458 2955 578 3018 εἴδωλον
612 2961 755 3038 γηγενοῦς.
819 2951 910 3018 Nam.
943 2953 1100 3037 quomodo
1138 2956 1337 3040 participium

206 3060 346 3147 εἰσορῶσα
369 3057 411 3124 ad
433 3062 504 3147 χρίει
526 3060 627 3144 possit
642 3057 779 3139 adnecti,
804 3079 862 3138 ego
879 3058 980 3122 fatcor
994 3079 1045 3122 me
1062 3079 1124 3124 non
1145 3057 1340 3142 intellegere,

206 3183 277 3228 cum
305 3162 353 3229 his
383 3165 485 3229 verbis
507 3164 555 3226 τὸν
579 3164 721 3251 μοριοιιιὸν
745 3165 887 3250 εἰσορῶσα
910 3161 1012 3245 βούταν
1034 3181 1131 3227 causa
1156 3167 1228 3228 'non
1263 3157 1340 3227 con*-

205 3269 342 3334 tineatur
357 3269 500 3350 actionis,
522 3288 616 3350 quam
633 3269 817 3354 exprimunt
837 3267 932 3331 verbu
946 3269 1016 3354 χρίει
1032 3269 1067 3350 με’
1082 3289 1123 3337 τις
1146 3268 1266 3355 οἶστρος.
1307 3266 1341 3331 8ἰ

205 3377 292 3439 recte
314 3374 428 3454 sentio,
451 3371 652 3437 desideratur
673 3373 824 3438 orationis
848 3372 1036 3451 membrum,
1054 3387 1098 3436 ‘ex
1122 3391 1182 3455 quo
1200 3372 1343 3456 pendeat

291 3558 312 3623 ¹)
331 3557 464 3612 Nonnulli
487 3559 514 3612 id
538 3559 612 3628 quod
636 3559 731 3614 codice
755 3559 873 3613 traditur
897 3559 1048 3612 defendunt
1071 3558 1147 3614 velut
1170 3558 1343 3624 Kuehnerus,

205 3645 253 3713 qui
272 3643 341 3698 dicit
359 3644 385 3697 in
404 3660 442 3714 gr.
462 3661 503 3714 gr,
521 3645 717 3699 nominativum
736 3646 875 3714 particlpii
894 3660 956 3698 esse
974 3649 1061 3697 ortum
1075 3649 1214 3700 structure
1232 3645 1343 3715 passiva

205 3731 233 3783 in
260 3729 377 3784 activam
405 3733 574 3795 transeunte,
601 3730 680 3799 quasi
711 3729 803 3800 poeta
826 3729 983 3798 scripsisset
1005 3729 1033 3800 μ’
1050 3731 1169 3800 εἴργοιεν
1187 3727 1231 3786 ἄν.
1268 3729 1342 3786 Huic

205 3816 309 3871 iudicio
327 3831 379 3870 uon
399 3814 552 3886 adstipulor
570 3831 623 3870 nou
637 3816 709 3880 ideo,
728 3815 801 3883 quod
815 3831 857 3868 me
875 3815 990 3869 offendit
1009 3831 1122 3870 canuam
1142 3816 1278 3886 enallage,
1292 3816 1342 3870 sod

204 3901 271 3971 quia
294 3917 329 3955 ue
352 3917 470 3972 persona
494 3901 602 3972 quidem
627 3891 829 3972 expressisset,
849 3915 918 3969 queo
936 3901 1084 3972 participio
1103 3900 1240 3963 δοκοῦντες
1258 3903 1343 3970 sigui·

204 3985 311 4040 fleatur.

290 4069 313 4139 2)
330 4071 402 4124 hene
427 4072 611 4126 coniecturam
638 4071 767 4142 permulti
793 4072 882 4126 secuti
909 4077 989 4140 sunt3
1017 4076 1157 4142 postremo
1178 4073 1342 4146 Kussmehly

205 4155 425 4226 ‘Beobuchtung¹
444 4173 478 4211 nu
496 4157 595 4224 From„
614 4158 661 4213 Pr.
683 4158 749 4212 1888
767 4173 785 4230 p
805 4159 845 4211 la.
864 4157 866 4168 '
