3070 4678
263 1121 381 1266 Quam
412 1190 581 1277 Aeschylei
609 1191 765 1258 sermonis
793 1193 1020 1278 proprietatem
1054 1191 1131 1282 mibi
1165 1196 1314 1280 proposui

175 1293 385 1372 tractandam,
409 1314 479 1361 cum
506 1315 546 1362 ea
568 1295 609 1363 sit
623 1297 655 1361 in
671 1294 869 1362 anacoluthis
886 1295 1092 1379 numeranda,
1113 1304 1220 1364 tamen
1237 1297 1313 1386 mihi

175 1397 209 1463 in
242 1398 349 1463 animo
383 1418 447 1464 uon
480 1405 529 1465 est
563 1397 603 1465 de
637 1396 835 1464 anacoluthis
869 1404 1020 1490 quotquot
1053 1405 1125 1465 sunt
1158 1398 1314 1467 disserere

175 1491 331 1582 omnibus,
355 1499 413 1568 sed
434 1500 468 1566 id
490 1521 587 1566 uuum
611 1521 726 1568 moneo
750 1521 789 1568 ea
810 1503 842 1567 in
866 1490 1007 1568 omnium
1035 1503 1229 1590 populorum
1250 1504 1313 1588 lin·

174 1604 246 1686 guis
269 1611 404 1687 exstare,
428 1605 529 1671 itaut
551 1605 615 1672 alia
638 1604 691 1671 alii
720 1624 851 1671 numero
880 1624 989 1671 eorum
1018 1607 1232 1691 varietateque
1254 1627 1312 1674 an·

174 1706 312 1774 tecedat.
358 1705 467 1792 Neque
493 1709 596 1775 maior
621 1709 782 1774 inuenitur
809 1709 901 1793 copia
928 1709 959 1773 in
988 1708 1052 1774 alia
1079 1708 1188 1792 lingua
1216 1730 1310 1800 quam

175 1809 380 1894 Graecorum,
402 1811 436 1877 id
458 1810 541 1896 quod
564 1810 639 1877 inde
663 1816 770 1876 nutum
795 1831 866 1878 esse
882 1811 975 1878 facile
996 1811 1201 1896 intellegitur,
1226 1812 1309 1898 quod

174 1913 228 1979 ille
261 1913 397 2001 populus
430 1914 489 1980 fuit
523 1913 717 1981 volubilitate
751 1913 888 1998 quadam
924 1913 1050 1981 dicendi
1085 1922 1117 1981 et
1150 1915 1310 1999 cogitandi

175 2016 337 2084 celeritate
360 2016 532 2103 praeditus.
567 2016 708 2084 Graecus
724 2036 828 2084 sermo
844 2037 925 2102 quae
942 2025 1074 2103 possunt
1088 2018 1312 2086 anacoluthiae

176 2119 306 2204 cogitari
330 2140 449 2203 genera
470 2119 607 2203 exhibet,
630 2141 711 2204 quae
734 2119 785 2186 hic
807 2122 984 2188 accuratius
1000 2140 1159 2207 exponere
1181 2122 1311 2206 longum

176 2229 225 2290 est
247 2243 348 2307 neque
370 2223 596 2306 necessarium,
619 2223 806 2310 praesertim
826 2243 896 2288 cum
922 2224 956 2290 id
978 2224 1158 2308 frequenter
1180 2226 1313 2293 iecerint

176 2327 234 2393 viri
256 2325 350 2393 docti.
396 2325 484 2405 Quae
507 2333 611 2394 autem
636 2326 763 2394 dicendi
785 2347 904 2411 genera
926 2328 1036 2394 sintin
1052 2327 1311 2405 anacoluthorum

177 2448 307 2496 numero
336 2427 493 2512 habenda,
521 2449 601 2514 quae
629 2450 692 2496 uon
720 2431 791 2513 sint,
820 2449 884 2497 uon
912 2450 983 2496 raro
1017 2436 1067 2496 est
1099 2430 1310 2518 disceptatum

176 2539 208 2598 et
230 2552 314 2598 nunc
341 2533 520 2616 ambigitur,
551 2552 621 2598 cum
651 2532 703 2598 alii
733 2533 967 2616 augustioribus
991 2533 1105 2600 linibus
1129 2532 1203 2618 quid
1227 2540 1312 2600 esset

177 2634 389 2702 anacoluthon
416 2633 675 2717 intellegendum,
710 2635 763 2701 alii
798 2635 1104 2722 circumscripseriut
1138 2636 1310 2704 latioribus.

177 2737 240 2805 Sed
261 2743 387 2805 tantum
411 2738 510 2820 abest,
533 2744 567 2804 ut
588 2756 700 2804 omnes
722 2735 905 2823 explicandi
932 2739 1073 2805 rationes
1102 2738 1153 2804 hic
1180 2737 1311 2806 afferam

177 2841 227 2908 uel
260 2840 463 2926 perlustrem‚
497 2847 532 2906 ut
564 2839 751 2926 Hauptium,
787 2843 897 2922 virum,
921 2841 1009 2907 illum
1047 2841 1310 2926 illustrissimum,

177 2944 353 3010 existimem
385 2951 469 3010 recte
497 2943 655 3010 iudicasse
678 2943 885 3029 dicentem:¹)
919 2941 989 3010 ‘Die
1018 2944 1228 3011 Auacoluthie
1257 2946 1312 3032 be-

177 3047 262 3114 steht
284 3046 371 3113 nicht
394 3046 495 3128 dario,
518 3045 593 3113 dass
616 3045 677 3129 ich,
699 3053 776 3113 statt
799 3046 960 3130 Richtiges
983 3069 1021 3114 uu
1045 3047 1153 3130 reden,
1176 3047 1311 3115 Unrich-

177 3153 257 3234 liges
281 3149 366 3233 rede,
389 3150 527 3216 sondern
550 3149 760 3216 Anacolutbie
788 3151 829 3216 ist
855 3149 977 3216 iiberall
1004 3150 1223 3234 Abweichung
1251 3172 1311 3218 von

178 3253 235 3320 der
245 3259 396 3336 strengen
408 3251 503 3319 Form
516 3251 573 3319 des
586 3251 789 3336 Gedunkens‚
803 3253 870 3319 also
883 3272 954 3320 vom
966 3252 1129 3336 logischen
1143 3252 1311 3320 Ausdruok

178 3356 244 3423 und
270 3356 325 3423 hat
350 3355 467 3422 Aulass
490 3355 555 3421 und
578 3355 852 3439 Enlscbuldigung
874 3359 905 3422 iu
930 3355 1003 3422 dem
1026 3356 1310 3442 psychologischen

178 3459 354 3544 Vorgange.
378 3458 476 3525 ledes
487 3458 665 3525 Anacolutb
679 3464 761 3526 setut
772 3460 843 3526 eine
855 3459 903 3525 liu
915 3458 977 3526 den
996 3457 1173 3526 Gedanlren
1189 3458 1311 3544 gleich-

178 3562 356 3646 bleibende,
380 3565 412 3628 in
437 3561 494 3628 der
515 3561 611 3629 Form
635 3563 712 3629 aber
733 3561 960 3629 verschiedene
983 3561 1130 3646 Fassung
1151 3561 1207 3630 des
1231 3563 1311 3630 Vor-

178 3666 411 3750 bergehendcn.
444 3665 527 3732 Stati
548 3686 583 3732 so
606 3663 828 3747 fortuniahren,
853 3667 913 3733 wie
935 3665 992 3731 der
1007 3664 1134 3748 Aniang
1150 3664 1207 3732 der
1222 3665 1311 3732 Rode

177 3792 211 3838 es
233 3771 293 3838 mit
315 3768 382 3838 sich
408 3769 521 3853 bringi,
544 3769 655 3852 gleitet
676 3767 733 3834 der
757 3767 913 3835 Godanlre
936 3769 968 3834 in
992 3769 1064 3834 eine
1080 3766 1199 3840 audere
1212 3766 1310 3835 Form

176 3875 262 3955 iiber,
286 3872 393 3940 indem
417 3872 482 3939 ihm
505 3879 582 3939 statt
603 3871 659 3938 der
683 3869 829 3954 Fassung
852 3870 909 3938 des
932 3859 1221 3952 Vorhergehenden
1238 3871 1310 3939 eine

176 3976 293 4044 andere
326 3974 631 4057 gleichbedeuteude
664 3974 815 4058 lebendig
837 3972 936 4040 wird’
981 3973 1099 4051 Quodsi
1133 3971 1311 4060 Madvigius

175 4125 381 4136 unna-——u———n—

260 4197 285 4264 1)
305 4196 414 4266 Belgas
432 4197 520 4252 Morio
538 4197 636 4266 Haupt
654 4196 695 4250 als
715 4195 840 4250 sladem.
858 4195 962 4250 Lehrer
983 4197 1057 4251 1879.
1077 4213 1094 4265 p
1113 4197 1155 4250 96.

1175 4285 1186 4335 l
