3086 4680
670 231 860 299 -6-

200 432 281 500 baec
299 411 365 497 nin
389 437 437 496 est
458 428 641 496 coniectura
663 425 844 511 probabilis.
854 425 878 508 ¹)
911 425 985 492 lam
1002 445 1075 492 vero
1093 432 1196 490 utrum
1212 422 1331 488 ἐσιδόντ’

200 539 324 607 dativus
351 538 459 604 sitan
486 533 699 614 accusativus,
732 531 923 600 dissentiunt
951 531 1094 596 homines
1122 530 1217 597 docti.
1261 529 1330 612 Ego

199 640 327 728 quidem
350 639 495 706 existimo
518 634 621 702 adhuc
640 635 746 700 valere
766 632 941 702 Hermanni
964 633 1127 715 iudicium,
1150 633 1202 717 qui
1218 631 1330 714 dixit2)

199 744 240 811 de
263 743 396 810 elisione
419 739 536 806 vocalis
560 762 567 800 ι
590 737 808 823 quaestionem
831 735 973 804 nondum
996 756 1067 804 esse
1087 735 1273 822 perductam
1289 734 1330 800 ad

199 855 320 915 cenom
336 845 441 911 linem.
476 844 527 926 At,
551 843 636 928 quid,
653 859 781 927 quaeso,
796 841 965 922 lucramur,
985 841 1012 906 si
1027 841 1173 924 ponimus
1188 837 1329 907 dativum

199 971 271 1020 mse
296 945 566 1030 intellegendum?
617 943 762 1012 Eandem
790 942 943 1010 habemus
972 941 1221 1025 anacolutbiam3
1255 962 1329 1007 nam

199 1061 272 1140 post
297 1051 476 1136 genetivum
505 1049 717 1134 possessivum
740 1047 819 1130 ἐρῶν
842 1083 884 1093 -
908 1065 970 1113 non
998 1046 1061 1129 ἐμοὶ
1088 1053 1136 1111 est
1168 1043 1329 1129 traditum,

201 1157 286 1243 quod
319 1153 504 1222 Schnetuius
542 1151 657 1218 maluit
693 1151 900 1218 scribere-
928 1158 1130 1236 exspectatur
1166 1152 1331 1234 genetivus

199 1261 397 1327 attributivus
419 1257 606 1346 προσιδόντος,
630 1262 665 1319 ut

199 1360 273 1430 Eur.
296 1360 345 1429 El.
370 1363 467 1426 1194:
782 1360 824 1429 τίς
846 1348 928 1431 ξένος

507 1467 549 1537 τίς
571 1465 693 1550 εὐσεβὴς
715 1465 783 1549 ἐμὸν
807 1470 882 1551 κάρα

508 1574 681 1659 προσόψεται
704 1573 815 1658 ματέρα
832 1572 998 1648 κτανόντοςς

200 1677 249 1744 vul
273 1677 360 1764 Oyol.
384 1679 464 1744 243:
739 1705 741 1710 ’
782 1674 824 1745 ὡς
845 1676 1003 1761 coartatae
1025 1673 1125 1736 αὐτίκα

508 1782 649 1868 althaeum
672 1778 758 1866 νηδὺν
781 1780 834 1864 τὴν
856 1779 930 1864 ἐμὴν
954 1777 1002 1842 ἀπ’
1026 1780 1171 1868 ἄνθρακος

508 1887 621 1976 θερμὴν
645 1887 756 1957 ἔδοντος
778 1883 849 1948 δαῖτ’
874 1888 941 1972 ἄτερ
965 1886 1187 1972 κρεανόμωνθ)

286 1991 369 2068 Quid
391 1996 498 2058 autem
523 1991 658 2077 impedit
680 1992 846 2075 quominus
867 1991 1034 2078 προοιὸόντα
1060 1985 1268 2074 suppleatur?
1296 1984 1331 2051 ln

200 2096 349 2183 Aeschyli
373 2096 488 2164 labulis
511 2097 631 2161 nullum
655 2094 922 2182 deprehendimus
944 2094 1059 2176 locum,
1083 2093 1136 2178 qui
1159 2111 1218 2159 nos
1240 2100 1333 2174 cogat

200 2199 364 2268 elisionem
379 2199 503 2266 litterae
519 2225 526 2262 ι
542 2201 727 2284 statuere;⁴)
751 2203 839 2265 certe
858 2198 1036 2284 participia,
1060 2215 1140 2280 quae
1157 2202 1331 2262 extremam

202 2301 339 2371 litteram
374 2302 492 2369 hubent
525 2303 652 2382 elisam,
691 2300 917 2384 intelleguntur
954 2299 1100 2385 suppleto
1137 2299 1332 2379 accusativ03

199 2405 305 2488 tuque
327 2423 390 2471 non
421 2403 529 2472 dubito
558 2405 611 2470 bic
638 2423 761 2488 quoque
788 2404 929 2469 litteram
952 2425 972 2465 α
994 2402 1157 2488 supplere;
1190 2403 1223 2466 in
1251 2400 1334 2468 hanc

198 2509 388 2573 sententiam
412 2527 449 2572 eo
472 2509 574 2590 magis
600 2505 803 2588 adducimur,
838 2525 909 2573 oum
938 2506 1002 2573 alia
1029 2504 1177 2590 exempla
1208 2510 1335 2570 exuent

199 2609 289 2680 nnus
318 2609 380 2676 loci
413 2608 577 2676 simillima
609 2609 825 2675 accusativum
858 2609 1018 2694 participii
1052 2605 1236 2673 exhibentia
1269 2624 1334 2672 non

201 2711 325 2793 elisum,
348 2711 389 2778 dc
413 2712 526 2795 quibus
549 2711 643 2777 modo
666 2710 909 2796 disputavimus.

284 2812 373 2881 Haec
395 2820 468 2880 sunt
490 2833 529 2878 ea
551 2814 709 2899 exempla,
733 2833 814 2897 quae
834 2815 867 2879 in
883 2821 1024 2882 nostram
1039 2811 1158 2879 cadunt
1173 2813 1333 2897 quaestio·

197 2936 280 2983 nem.
326 2915 445 2994 Quibus
467 2915 543 3000 quid
566 2915 746 2998 doceamur,
769 2918 833 2984 iam
856 2916 1106 2986 consideremus.

283 3017 360 3086 Tres
386 3018 417 3083 hi
446 3018 506 3084 loci
541 3020 623 3086 inter
656 3040 691 3086 se
724 3019 876 3088 simillimi
910 3027 999 3102 sunt3
1034 3038 1145 3088 omnes
1178 3017 1332 3085 exhibent

198 3124 295 3189 animi
318 3121 475 3206 quendam
500 3120 658 3202 affectum,
685 3124 737 3205 qui
760 3122 855 3190 verbo
878 3123 1066 3209 exprimitur
1089 3143 1153 3188 non
1181 3121 1334 3207 simplici,

199 3224 291 3309 quale
313 3233 362 3290 est
384 3225 525 3313 φοβοῦμαι
549 3226 597 3292 vel
620 3225 724 3292 simile
747 3224 835 3314 quid3
860 3224 918 3292 sed
939 3225 1000 3292 bae
1026 3223 1158 3294 affectus
1185 3225 1330 3292 notiones

198 3329 541 3414 circumscriptionibus
557 3336 749 3396 exornantur
764 3329 972 3414 uberioribus,
992 3329 1026 3395 id
1041 3329 1126 3416 quod
1141 3336 1176 3398 ut
1190 3329 1331 3395 maxime

197 3430 347 3498 idoneum
382 3430 424 3496 ud
461 3433 707 3499 concitationem
745 3433 843 3498 animi
881 3431 1127 3519 depingendam,
1164 3433 1210 3497 ita
1247 3429 1332 3517 apud

196 3535 333 3620 tragicos
356 3541 467 3620 poetas
484 3535 617 3600 inveniri
638 3541 887 3602 consentaneum
910 3541 967 3602 est.
1006 3533 1047 3600 Hi
1067 3532 1199 3602 affectus
1216 3533 1332 3619 singuli

282 3721 304 3788 ¹)
324 3721 479 3776 Meinehins
493 3720 847 3796 Philol.vol.xlx1r.aaa;
863 3722 1114 3779 Schiller·(loursdt
1127 3723 1164 3778 ad
1179 3722 1205 3778 b.
1215 3723 1261 3794 l.p
1276 3724 1333 3781 129.

226 3892 246 3929 Ὃ
280 3805 351 3946 ²)AE
368 3806 431 3861 adn.
450 3806 485 3861 ud
504 3805 536 3863 0.
556 3807 585 3862 0.
605 3808 680 3872 1436,
709 3809 754 3862 cui
780 3807 879 3862 iudicio
906 3807 1091 3880 adstipulatur
1114 3809 1273 3864 Lobeclrius
1296 3809 1333 3864 cd

196 3893 234 3946 Al
264 3909 303 4047 pl)
321 3933 462 4049 complura
471 3979 595 4034 eiusdem
604 3979 715 4048 generis
725 3979 852 4050 exempla
864 3981 1006 4050 congessit
1020 3979 1139 4035 Grueter
1155 3979 1173 4036 l.
1184 3981 1200 4036 l.
1212 3985 1282 4052 part.
1293 3981 1333 4038 Il.

279 4064 302 4132 ⁴)
320 4063 355 4118 de
374 4063 509 4131 uiolauit,
528 4065 573 4132 qui
587 4063 623 4118 ud
634 4062 778 4120 elisionem
796 4064 905 4122 litteras
924 4084 933 4118 ι
951 4065 1166 4122 confirmandam
1181 4081 1216 4119 ex
1229 4064 1331 4120 fabulis

194 4150 361 4219 tragicorum
380 4155 528 4216 sumuntur,
548 4149 677 4204 disseruit
695 4150 852 4206 Lobeckius
870 4152 930 4207 All
948 4169 966 4221 p
985 4153 1043 4206 291.
1280 4171 1282 4177 ⁸
1341 4175 1342 4178 ¹
