3086 4680
653 331 872 392 -51-

279 519 475 605 Quamquam
499 539 609 586 versus
625 519 758 586 extremi
774 519 843 587 seni
861 539 923 586 non
940 526 1013 586 sunt
1027 539 1129 606 neque
1145 517 1327 587 emendatio

190 625 378 712 probabilis,
417 628 570 710 quantum
608 623 689 707 seio,
727 625 891 709 proposita
928 624 1021 708 est,¹)
1058 630 1165 690 tamen
1203 641 1326 691 remus:

191 729 343 815 σπλάγχνα
369 729 400 792 λε’
427 752 474 813 μοι
502 729 678 792 κελαινούται
704 727 774 816 πρὸς
800 728 867 798 ἔπος
894 728 1022 812 κλυούσᾳ
1050 727 1083 792 in
1117 727 1327 814 corruptelam

191 836 363 902 incurrisse
396 835 573 917 graviorem
608 853 672 900 non
706 833 861 903 ridentur.
916 833 953 900 ln
986 855 1047 918 qua
1080 833 1267 902 condicione
1299 835 1327 901 is

193 945 335 1006 versetur
362 940 414 1024 qui
440 939 592 1023 loquitor,
626 939 689 1005 iarn
724 957 822 1024 supra
849 937 985 1004 vidimus
1012 939 1047 1023 (p
1070 938 1136 1022 43).
1183 937 1246 1004 Sed
1272 937 1329 1004 illa

193 1061 325 1111 casuum
353 1042 583 1129 discrepantia,
618 1061 712 1127 quam
741 1043 898 1108 cernimus
931 1043 1060 1108 ineunte
1088 1041 1218 1128 stropha
1246 1043 1329 1110 inter

194 1167 311 1214 nomen
338 1154 369 1213 et
394 1146 596 1232 participium
625 1145 840 1228 intercedere,
868 1144 928 1212 hoo
955 1145 1025 1212 loco
1054 1145 1172 1212 evitata
1205 1145 1329 1212 videtur

193 1270 275 1333 esse,
299 1271 489 1337 quamquam
512 1251 709 1318 enuntiatum
732 1251 851 1336 pariter
873 1258 922 1316 ost
943 1250 1111 1316 formatum
1138 1255 1233 1335 atque
1255 1269 1328 1316 sen·

191 1355 295 1422 tentia
316 1375 444 1441 prorsus
468 1353 591 1421 eadem.
633 1352 721 1421 Haec
745 1360 850 1421 autern
874 1353 1082 1439 aequabilitas
1105 1353 1189 1420 inter
1211 1371 1327 1420 nomen

194 1466 226 1525 ot
251 1459 454 1546 participium
481 1477 545 1524 uon
573 1461 691 1539 exstat,
727 1457 753 1522 si
782 1455 924 1523 codicem
953 1457 1126 1541 sequimur3
1160 1455 1213 1522 hic
1242 1457 1327 1523 enim

194 1562 323 1629 exhibet
359 1563 541 1644 genetivum
578 1585 642 1646 μου,
683 1581 775 1646 quern
814 1581 923 1628 casum
961 1561 993 1624 in
1030 1561 1158 1628 tertium
1196 1561 1329 1628 mutavit

195 1667 378 1746 Schuetcius
404 1666 499 1754 idque
528 1687 590 1734 uon
619 1667 870 1754 improbabiliter
897 1665 1070 1734 secundum
1094 1665 1244 1732 Schenkii
1272 1667 1328 1734 ob·

194 1773 406 1840 servationem
445 1771 481 1858 (p
509 1772 555 1855 4).
600 1771 724 1838 Deinde
759 1770 894 1836 dubitari
929 1771 1017 1852 licet,
1059 1787 1134 1835 num
1168 1757 1335 1856 participii

193 1877 297 1942 forma
316 1877 453 1961 κλυούσᾳ,
483 1895 562 1960 quae
591 1873 694 1941 adhuc
721 1875 867 1957 vulgatur
894 1875 926 1939 in
955 1871 1160 1956 editionibus,
1190 1873 1330 1956 genuina

194 1982 245 2048 sit
289 1980 423 2049 Ensistit
444 1981 529 2048 enim
554 1981 657 2048 hiatus
679 1999 744 2046 non
766 1977 925 2062 terendus,
953 1997 1025 2044 cum
1048 1995 1109 2044 vox
1133 1978 1328 2064 subsequens

195 2106 215 2152 a
237 2085 339 2152 vocali
361 2086 501 2171 incipiat.
535 2083 702 2151 Praeterea
725 2085 804 2150 haec
827 2082 964 2169 suspicio
988 2101 1027 2147 ea
1049 2082 1170 2149 ratione
1185 2092 1328 2167 augetur,

195 2207 258 2274 qua
270 2191 397 2274 κλυούσᾳ
413 2189 552 2254 dativum
568 2189 601 2253 in
617 2185 728 2254 codice
752 2185 904 2253 traditum
926 2201 996 2252 esse
1017 2183 1172 2266 videmus3
1196 2183 1330 2255 adnotat

195 2291 377 2362 Wecklinus
400 2293 441 2361 ad
463 2293 493 2360 h.
518 2293 553 2358 l.:
589 2293 725 2356 κλοούσαν
748 2293 811 2376 (vel
835 2293 884 2378 αν)
907 2291 947 2358 Μ.
972 2290 1109 2354 utendoru-
1134 2309 1176 2355 m.
1220 2289 1329 2376 ltaque

196 2399 302 2465 nescio
329 2419 368 2464 an
396 2397 624 2483 praeferendus
652 2399 695 2466 sit
722 2399 920 2467 accusativus
953 2398 1106 2475 κλύουσαν,
1141 2397 1326 2482 praesertim

196 2525 265 2569 eum
289 2504 340 2570 hie
362 2505 450 2570 locus
473 2505 514 2571 rit
534 2503 739 2591 praecedenti
762 2504 953 2571 simillimus.

281 2607 370 2673 Alter
392 2607 480 2674 locus
502 2609 660 2678 invenitur
682 2607 769 2693 Sept.
794 2607 864 2674 adv.
890 2607 945 2674 Th.
970 2610 1047 2675 546:

505 2713 616 2774 ἱκνεῖται
638 2712 723 2795 λόγος
746 2713 791 2775 διὰ
813 2714 957 2797 στηθέων,

505 2820 598 2905 τριχὸς
620 2815 646 2882 δ’
660 2820 760 2906 ὀρθίας
782 2819 932 2902 πλόκαμος
953 2822 1063 2884 ἵσταται

505 2926 618 3007 μεγάλα
641 2927 847 3014 μεγαληγόρων

504 3031 600 3094 κλύων
623 3033 744 3095 ἀνοσίων
768 3033 886 3120 ἀνδρῶν.
912 3032 935 3096 ελ
957 3033 1019 3096 θεοὶ

504 3137 566 3200 deci
589 3135 684 3201 τούσδ’
708 3140 837 3202 ὀλέσειαν
861 3139 890 3201 ἐν
913 3138 959 3224 γᾷ.

284 3235 388 3305 Verba
410 3262 438 3305 ν.
462 3243 527 3305 549
552 3261 616 3310 non
644 3263 714 3310 esse
748 3263 827 3310 sana
861 3243 966 3312 elucet
998 3263 1037 3310 ex
1072 3243 1213 3310 versibus
1247 3243 1328 3310 anti·

195 3342 379 3429 strophicis3
413 3345 573 3429 quaeritur
600 3352 720 3429 autom,
755 3346 912 3431 quomodo
935 3367 974 3412 ea
996 3349 1061 3414 sint
1083 3345 1241 3431 sananda,
1269 3365 1329 3414 nee

195 3445 288 3512 lneile
312 3453 360 3514 est
383 3448 639 3516 emendationem
662 3469 839 3536 proponere
853 3451 1050 3536 probabilem
1067 3471 1168 3535 neque
1188 3469 1328 3536 possum.

195 3548 260 3614 Sed
282 3551 390 3617 nescio
413 3573 454 3618 an
477 3553 533 3618 illa
555 3555 742 3640 proprietas,
766 3573 829 3639 qna
844 3555 1019 3640 Aeschylus
1036 3555 1164 3640 saepius
1179 3572 1254 3622 usus
1270 3560 1328 3638 est,

194 3653 257 3720 hoc
277 3674 400 3738 quoque
423 3656 493 3722 loco
517 3677 614 3724 causa
635 3657 739 3742 fuerit,
763 3677 843 3742 quae
865 3658 1027 3725 librarium
1049 3679 1071 3724 a
1093 3677 1168 3724 vera
1193 3657 1329 3725 lectione

195 3759 394 3827 aberrantem
418 3759 547 3827 laceret.
589 3758 671 3827 Nem
694 3763 770 3828 item
794 3761 946 3828 hocloco
969 3764 996 3829 is
1020 3764 1070 3848 qui
1095 3762 1230 3848 loquitur
1253 3782 1329 3830 con·

195 3863 345 3930 citatione
369 3863 466 3928 animi
489 3863 667 3932 vehementi
691 3873 740 3932 est
762 3873 953 3933 commotus:
981 3865 1130 3949 feminae,
1154 3885 1226 3932 cum
1249 3885 1329 3932 nun·

195 3967 273 4033 tium
296 3975 477 4033 narrantem
503 3974 535 4034 et
557 3966 718 4035 Eteoclem
736 3968 811 4053 qnid
826 3971 868 4037 sit
882 3969 1064 4037 laciendum
1079 3971 1329 4057 praecipientem

195 4067 342 4154 audiant,
378 4072 486 4138 enimc
512 4091 575 4138 non
602 4070 803 4140 mediocriter
836 4073 1076 4160 perturbantem
1114 4075 1190 4140 item
1225 4079 1330 4142 exsta

195 4201 364 4210 ...ιι-Μ..-

282 4260 301 4329 1)
320 4261 471 4338 olsflense
487 4260 586 4316 Philol.
605 4261 703 4316 XXIX
724 4261 821 4332 (1870).

1191 4349 1226 4403 4*
