3086 4680
646 239 857 303 „45-

191 432 359 520 posuisset,
373 452 434 499 non
447 438 496 498 est
507 432 646 498 dubium.
670 429 768 496 Poeta
780 437 884 494 autem
898 429 1001 514 posuit
1013 427 1236 494 accusativum.
1254 423 1319 490 lam

194 556 266 603 vero
280 541 393 602 natura
404 535 496 606 huius
506 556 598 602 casus
609 536 757 622 postulat,
767 533 851 600 unde
860 540 995 616 regatur.
1012 531 1181 600 Praeterea
1191 528 1321 610 exigunt

191 639 248 706 illa
262 639 429 725 participia
444 641 604 706 notionem
620 636 893 704 animadvertendi
909 636 1087 702 nniversam
1104 633 1264 727 habentia,
1288 638 1321 696 ut

193 750 396 810 annectantur
418 748 485 810 arte
508 764 578 808 cum
601 740 874 828 praecedentibus.
906 738 987 817 Quid
1010 748 1113 806 autem
1135 732 1319 823 praecedit?

192 845 388 932 Periphrasis
403 845 603 914 affectionem
617 845 774 930 quandam
787 844 970 926 significans
986 850 1035 910 est
1049 841 1241 928 praemissa;
1264 837 1323 909 scd

192 969 263 1018 cum
279 969 452 1034 prenomen
467 949 633 1035 personale
656 952 702 1034 μοί
725 949 806 1032 (sive
833 949 926 1033 ἐμῶν)
943 945 1087 1028 accedat,
1111 966 1151 1011 ea
1173 962 1320 1030 persona,

193 1053 338 1138 quaehoc
348 1053 960 1141 pronominedescribitur,subaudienda
973 1060 1021 1120 est
1033 1053 1121 1138 quasi
1134 1051 1319 1130 subiectum,

193 1167 227 1224 ut
248 1150 449 1245 participium
479 1179 613 1244 sequens
641 1161 673 1226 in
701 1160 894 1226 nominativo
917 1157 1098 1244 ponendum
1121 1155 1222 1220 fuerit.
1268 1151 1319 1226 At,

193 1259 268 1345 quid
290 1260 346 1327 tit?
393 1260 609 1331 Nominativus
633 1283 696 1328 non
720 1261 863 1349 ponitur,
891 1258 946 1326 sed
970 1259 1183 1336 accusativus,
1211 1262 1244 1343 ut
1266 1254 1321 1319 illa

192 1383 328 1450 persona
350 1367 439 1448 quasi
455 1366 613 1433 obiectum
628 1365 837 1448 intellegatur.
872 1364 980 1449 ltaque
996 1360 1115 1447 aliquid
1130 1381 1200 1425 esse
1217 1357 1320 1440 debet,

192 1465 277 1552 quod
309 1467 398 1533 illum
432 1471 644 1536 accusativum
678 1469 891 1554 postulaverit.
936 1467 971 1534 ld
1006 1475 1110 1533 autem
1145 1461 1229 1530 unde
1262 1460 1319 1527 eli·

193 1571 340 1637 ciendum
363 1581 411 1638 est
433 1574 491 1640 nisi
516 1595 556 1638 cr
577 1574 759 1659 praemissis
783 1573 908 1639 verbis?
954 1571 1032 1638 Cum
1056 1565 1319 1658 praecedentibus

192 1673 362 1741 vehemens
389 1675 515 1759 quidam
545 1675 676 1744 affectus
704 1678 909 1763 exprimatur,
938 1696 1000 1742 non
1034 1693 1139 1739 errore
1166 1669 1319 1750 ducimur,

193 1780 219 1844 ei
242 1776 376 1845 dicimus
398 1773 548 1846 affectum
563 1781 730 1866 imperium
746 1788 864 1863 tenere,
888 1780 937 1845 cui
954 1778 1159 1860 subiungatur
1173 1792 1317 1861 persona.

191 1873 300 1967 Itaque
329 1883 476 1965 cogitatio
505 1884 601 1950 totius
629 1885 851 1950 enuntiationis
878 1883 923 1948 ita
953 1881 1098 1961 vertitur,
1126 1885 1159 1943 ut
1185 1875 1319 1944 affectus

193 1985 282 2068 quasi
319 1985 511 2067 subiectum,
549 2007 685 2072 persona
721 1987 810 2070 qnasi
845 1985 1000 2052 obiectum
1035 1982 1249 2065 intellegatur,
1286 1987 1320 2044 ut

192 2090 391 2156 accusativus
424 2089 597 2175 participii,
633 2091 683 2175 qui
718 2088 760 2155 ad
792 2109 959 2176 personam
994 2094 1132 2173 spectat,
1167 2083 1319 2170 applicari

191 2192 292 2279 possit
317 2192 406 2276 isque
433 2212 560 2277 prorsus
587 2192 786 2274 generaliter.
833 2192 940 2270 Qualis
968 2199 1072 2258 autem
1102 2190 1143 2256 sit
1164 2207 1319 2273 quamque

193 2295 351 2381 acceperit
373 2296 505 2361 formam
529 2295 585 2362 illa
600 2297 758 2378 cogitatio,
782 2316 855 2362 cum
871 2300 1053 2380 verteretur,
1077 2315 1138 2360 non
1154 2311 1319 2379 possumus

192 2419 349 2468 enarrare.
368 2397 435 2464 'Ea
457 2403 563 2468 autem
578 2400 669 2480 ratio,
693 2400 800 2483 quaid
817 2399 900 2484 quod
916 2406 964 2466 est
979 2399 1152 2484 subiectum
1173 2396 1320 2478 logicum,

192 2509 225 2568 nt
248 2503 294 2568 ita
316 2501 435 2586 dicam,
463 2504 552 2587 quasi
578 2504 734 2569 obiectum
763 2504 968 2586 intellegitur,
997 2502 1053 2568 soli
1082 2508 1130 2568 est
1151 2499 1239 2586 poesi
1263 2499 1318 2570 tri-

191 2605 326 2672 buenda.
358 2604 438 2672 Nam
454 2627 517 2673 non
533 2616 633 2690 mens,
656 2606 713 2673 sed
729 2628 839 2674 sensus
855 2606 960 2674 effecit
979 2605 1059 2672 hanc
1076 2603 1317 2670 anacoluthiam.
1407 2629 1408 2634 ¹

278 2709 506 2776 Anaecluthiae
541 2717 645 2778 autem
679 2709 809 2777 offensio
844 2709 968 2776 videtur
1004 2729 1054 2774 me
1087 2707 1192 2774 iudice
1228 2706 1318 2772 leniri

191 2819 286 2898 atque
314 2834 416 2898 paene
443 2815 510 2880 tolli
538 2835 577 2880 ea
603 2815 739 2897 ratione,
768 2801 830 2899 oua
856 2814 913 2879 illa
935 2815 1029 2880 verba
1051 2813 1091 2880 ab
1114 2811 1318 2879 histrionibus

192 2918 393 3002 pronuntiata
426 2933 498 2984 sunt
532 2917 700 2984 credenda.
757 2917 836 2984 Cum
870 2920 953 2984 enim
992 2938 1031 2983 ea
1068 2925 1153 2984 certo
1187 2935 1317 2980 numero

192 3028 402 3103 cantarentur,
426 3023 504 3087 ratio
528 3023 667 3087 musicae
690 3022 765 3088 artis
790 3023 920 3088 multum
944 3022 1051 3102 valuit,
1075 3030 1109 3086 ut
1132 3021 1262 3086 fortasse
1277 3055 1317 3064 -

192 3133 311 3190 eertum
328 3145 389 3190 non
407 3129 512 3210 potest
527 3125 676 3190 affirmari
692 3161 732 3170 -
749 3124 892 3210 postilla
912 3126 1018 3206 verba,
1041 3145 1120 3208 quae
1135 3123 1317 3210 primariam

193 3228 381 3294 sententiam
398 3228 548 3308 alliciunt,
565 3229 664 3295 oratio
681 3249 743 3294 non
760 3229 865 3294 statim
882 3230 1126 3311 continuaretur,
1149 3226 1206 3294 sed
1222 3228 1318 3292 inter·

192 3339 390 3416 rumperetur
416 3352 473 3416 per
498 3351 630 3417 pausam
659 3330 832 3415 quandam3
867 3341 921 3396 aut
954 3332 1086 3398 fortasse
1121 3330 1183 3395 dici
1214 3337 1319 3415 potest

191 3435 390 3520 participium
414 3437 555 3500 κλύουσαν
580 3435 628 3500 vel
644 3437 817 3525 tpccrlc'vm,
842 3436 957 3521 quippe
974 3434 1057 3519 quod
1073 3432 1114 3500 ad
1130 3434 1317 3500 sententiam

191 3541 293 3625 ipram
321 3540 397 3604 nihil
427 3541 598 3624 conferret,
632 3541 721 3624 qnasi
755 3540 917 3606 delituisse
952 3559 989 3605 ac
1015 3560 1117 3627 paene
1151 3559 1212 3605 non
1248 3559 1318 3605 esse

192 3642 344 3709 auditum.
391 3641 426 3707 ld
449 3650 497 3709 est
518 3644 720 3729 perspicuum
742 3643 805 3710 illis
827 3643 1000 3729 participiis
1023 3643 1151 3730 positis,
1175 3662 1255 3726 quae
1278 3663 1317 3708 ex

172 3829 174 3833 Ι
191 3746 313 3830 legibus
336 3747 551 3829 grammaticis
575 3747 685 3814 deesse
701 3753 856 3832 poteraut,
879 3748 1052 3815 orationem
1069 3747 1204 3813 existere
1220 3745 1317 3812 multo

192 3851 447 3917 numerosiorem.

276 3953 325 4020 Ex
352 3955 397 4020 eir
425 3955 533 4037 igitur,
563 3973 643 4038 quae
671 3953 812 4026 ostendi,
840 3955 916 4021 satis
945 3959 1078 4040 apparet
1103 3962 1230 4041 poetam
1254 3974 1316 4021 uon

192 4057 309 4124 idcirco
333 4059 547 4125 accusativum
572 4058 727 4141 posuisse,
756 4057 839 4142 quod
867 4058 898 4123 in
929 4063 1036 4124 mente
1063 4057 1171 4124 habuit
1198 4063 1317 4123 certum

193 4162 319 4226 verbum
344 4160 427 4226 hune
449 4181 556 4226 casnm
582 4181 706 4242 regeus3
741 4160 796 4227 sed
821 4159 871 4225 hio
894 4161 1050 4245 participii
1079 4181 1170 4226 suasus
1193 4163 1223 4225 in
1248 4163 1317 4226 uni-
