3086 4680
654 243 868 305 ..¹1ss-

195 429 295 496 sativo
329 431 451 510 hebori3
485 429 541 496 sed
576 450 758 516 perversum
792 437 843 499 eol
875 453 916 500 ex
949 453 1048 500 earo
1077 433 1225 516 colligere
1251 432 1329 500 talia

195 533 363 620 partieipia
384 536 453 601 sine
476 534 517 606 ὡς
538 535 694 621 pertieule
715 536 820 622 posite
841 535 920 602 nihil
942 556 1013 604 esse
1035 555 1128 622 posse
1150 536 1211 603 nisi
1234 552 1328 602 ποσο-

194 638 322 707 sativos.
331 640 355 724 ¹)
400 639 483 724 Ergo
506 661 547 706 ne
570 641 650 708 hoeo
671 640 800 725 quidem
823 641 972 728 exemplo
993 641 1213 710 demonstrant
1233 661 1328 708 ooou·

195 743 328 809 nativum
354 744 531 811 absolutum
555 745 653 812 fuisse
674 747 708 811 in
731 744 854 812 Graeoo
876 741 1031 813 sermone.

281 846 339 924 Qui
366 855 472 914 aulem
501 846 542 912 ad
569 846 666 913 telem
696 868 787 913 usum
814 846 1039 914 stabiliendum
1066 849 1187 933 looos²)
1222 849 1327 930 sumit,

195 950 247 1035 qui
270 950 456 1017 infinitivum
480 951 661 1017 eoouoelivo
677 944 835 1037 pe'rtioipii
854 952 995 1017 iunctum
1012 950 1131 1018 habent
1145 950 1231 1018 velut
1246 950 1327 1017 Xen.

195 1051 269 1137 Gyr.
292 1052 331 1118 Il.
357 1055 384 1119 1.
410 1056 464 1119 15:
488 1045 596 1128 ἔξεστιν
621 1052 683 1139 ὑμῖν
706 1054 850 1139 λαβόντας
878 1047 954 1118 ὅπλα
981 1056 1022 1126 εἰς
1049 1055 1097 1120 τὸν
1125 1056 1249 1119 κὶνθονον
1277 1054 1327 1139 ἐρι-

194 1157 305 1242 βαίνειν,
331 1179 402 1225 eum
419 1180 482 1225 non
506 1179 579 1226 vere
603 1159 743 1226 iudicare
766 1159 904 1226 elucebit
926 1160 1045 1243 exeis,
1067 1181 1148 1244 quoe
1164 1159 1204 1226 de
1220 1159 1327 1226 huius-

194 1262 279 1329 modi
302 1263 379 1329 loois
402 1264 486 1330 inlre
509 1264 687 1350 dispulebo.

281 1365 390 1450 Neque
412 1367 490 1433 tella
512 1368 661 1453 exempla
687 1375 760 1434 sunt
786 1367 977 1450 adhibendo,
1006 1368 1038 1432 in
1061 1368 1173 1452 quibus
1196 1387 1328 1434 eoousa-

194 1470 292 1535 tivum
325 1471 486 1558 participii
519 1491 576 1556 per
609 1489 715 1537 veram
744 1491 814 1538 esse
842 1470 1075 1538 eneoolothiam
1091 1469 1326 1558 explicandum

117 1657 118 1669 ρ
195 1571 348 1655 videmus,
372 1579 408 1639 ut
430 1575 463 1638 in
484 1571 593 1658 Eurip.
618 1575 759 1641 versibus
782 1573 894 1640 Troad.
921 1575 1018 1639 1209:

402 1711 426 1774 ‹l›
449 1713 556 1786 τέκνον,
582 1712 635 1798 οὐχ
656 1713 758 1775 ἵπποισι
781 1716 936 1797 νικήσαντά
959 1734 992 1774 σε
1154 1791 1159 1802 ι

400 1816 458 1882 οὐθ’
482 1820 587 1903 ἥλικας
608 1808 737 1895 τόξοισιν,
762 1819 812 1889 οὓς
834 1819 943 1908 Φρύγες
964 1822 1069 1901 νόμους
1106 1881 1109 1886 ,

401 1930 525 2007 τιμῶσιν,
551 1924 601 1988 οὐκ
623 1926 664 1995 εἰς
686 1926 857 2008 πλησμονὰς
880 1926 1053 2011 θηρώμενοι,

402 2034 500 2118 μήτηρ
524 2035 630 2118 πατρός
652 2053 696 2094 σοι
719 2030 888 2119 προστίθησ’
913 2030 1068 2114 ἀγάλματα

400 2142 457 2197 τῶν
480 2142 540 2199 σῶν
563 2122 625 2199 ποτ’
650 2139 748 2199 ὄντων.

196 2203 244 2320 ool
267 2255 299 2319 in
323 2255 506 2341 Sophocleis
530 2256 568 2323 0.
592 2257 626 2324 O.
652 2260 729 2322 765:

403 2379 528 2466 πρόσθεν
551 2402 583 2442 τε
605 2386 659 2468 γάρ
683 2401 718 2462 με
742 2385 826 2446 τοῖσιν
850 2377 958 2446 οἰκείοις
981 2384 1079 2447 κακοῖς

399 2483 542 2562 νοσοῦνθ’,
567 2484 655 2570 ὅτ’ἦν
678 2508 724 2568 μοι
747 2486 842 2570 τέρψις
858 2483 983 2546 ἐκπεσεῖν
1004 2483 1122 2568 χθονὸς,

400 2591 451 2654 οὐκ
473 2592 584 2675 ἤθελες
608 2591 722 2654 θέλοντι
744 2588 923 2676 προσθέσθαι
948 2595 1038 2676 χάριν.

280 2709 336 2776 Hie
357 2713 444 2777 'enim
461 2713 540 2780 loois
557 2713 757 2779 aoousotivue
781 2713 948 2797 (νικήσαντά
964 2733 1052 2774 σε-
1069 2733 1105 2793 με
1119 2710 1278 2791 νοσοῦντα)·
1290 2728 1329 2772 ea

195 2835 229 2879 re
252 2823 339 2881 ortus
361 2825 420 2899 est,
444 2817 526 2902 quod
554 2837 610 2903 pro
634 2818 758 2884 obieoto
782 2815 1040 2884 eooommodatus
1063 2811 1116 2881 ost'
1134 2812 1175 2880 ad
1200 2813 1328 2880 verbum

194 2916 327 3000 linitum,
351 2919 433 3003 quod
456 2922 584 2986 ineunte
607 2921 767 2988 sententia
789 2928 884 3007 poete
906 2921 938 2986 in
961 2921 1068 2985 enimo
1092 2917 1244 2996 habebat3
1271 2914 1328 2981 sed

194 3021 373 3088 intermissa
395 3030 552 3090 structura
575 3023 626 3089 hio
655 3025 773 3110 posuil‘
789 3025 820 3090 in
850 3023 1052 3109 sequentibus
1084 3019 1171 3088 aliud
1198 3015 1328 3087 verbum

195 3142 264 3188 oum
293 3124 507 3210 praecedente
536 3127 719 3193 aooueelivo
747 3147 810 3192 non
840 3127 1049 3207 oonveniene‚
1083 3128 1120 3190 ut
1152 3121 1204 3188 hio
1237 3141 1329 3188 oesus

198 3245 261 3292 non
285 3226 402 3292 hebere
425 3226 595 3310 videretur,
618 3227 703 3294 unde
727 3229 930 3311 regeretur³).

281 3327 378 3395 Porro
401 3350 495 3397 nemo
519 3330 647 3412 colliget
669 3331 884 3397 aoousalivum
909 3330 1084 3396 absolutum
1108 3329 1205 3396 luisse
1221 3349 1261 3394 ex
1282 3329 1329 3392 eis

194 3430 285 3514 loeis,
309 3431 361 3497 ubi
385 3434 583 3499 aoouealivus
608 3434 765 3519 participii
795 3431 967 3519 respondet
994 3433 1187 3498 nominativo
1216 3430 1329 3510 soluto,

194 3536 330 3619 quierat
345 3535 512 3619 ponendus
525 3535 669 3603 oratione
682 3536 804 3603 directa
817 3534 968 3618 adhibite,
984 3540 1020 3603 ul
1031 3537 1062 3601 in
1075 3534 1171 3600 Thoe.
1180 3533 1216 3598 V.
1230 3533 1281 3616 79,
1295 3537 1329 3599 1:

280 3809 301 3881 1)
319 3809 347 3864 id
367 3809 440 3880 quod
459 3809 527 3865 lecit
544 3810 620 3865 velut
638 3807 849 3866 Bolkenholliue
867 3807 887 3864 l.
904 3807 922 3862 l.
940 3825 958 3878 p
977 3809 1018 3864 36.

278 3896 301 3963 2)
320 3895 397 3950 velut
415 3895 483 3950 leeil
499 3895 654 3952 Ellmeleius.

279 3981 302 4047 ³)
322 3980 444 4036 eiusdem
463 3981 573 4049 generis
592 3984 635 4035 eol
653 3979 829 4034 eneoolulhie
847 3978 891 4034 Od
910 3978 924 4032 Ι
942 3980 1000 4044 275,
1019 3979 1067 4033 ubi
1086 3979 1204 4034 nominis
1216 3994 1329 4034 eoouse

193 4066 266 4120 lives
283 4063 394 4136 μητέρα,
420 4066 564 4138 partieipio
587 4066 697 4135 quidem
721 4080 827 4130 cereno,
849 4065 946 4119 eedem
969 4065 1077 4119 rollone
1100 4069 1177 4118 ortuo
1196 4068 1246 4119 eol.
1283 4063 1329 4136 [of.

195 4151 271 4206 Leon
290 4153 324 4206 de
343 4169 420 4208 aneo.
441 4153 521 4206 Hom.
543 4153 617 4206 1831.
635 4167 653 4220 p
673 4152 713 4206 12.
751 4149 894 4203 Kirohhoff
907 4149 1042 4218 Odyseee.
1061 4164 1121 4202 exo.
1142 4149 1172 4218 1.]

1528 1155 1530 1216 l

1529 1227 1530 1306 l
