3086 4680
696 176 908 239 „20-

251 397 253 402 ·
325 359 360 425 11.
386 361 651 428 accusativus:
684 362 766 428 Raro
780 363 906 448 quidem
923 365 1018 445 igitur
1035 363 1094 430 hac
1112 366 1233 431 ratione
1247 364 1372 429 dativus

238 464 444 548 participialia
467 473 633 550 usurpatus
657 472 720 546 est,
754 473 790 532 ut
818 488 857 532 ex
885 469 1046 534 sententia
1076 468 1147 552 ipsa
1181 469 1372 532 excitaretur

240 573 336 650 atque
345 569 419 629 κατὰ
429 569 536 630 οὑνεοιν
550 577 730 651 poneretur3
741 569 799 634 sed
809 589 847 634 ea
857 568 1004 652 exempla
1013 571 1250 636 exstautmulto
1261 572 1372 650 rarius,

241 673 293 737 ubi
318 672 399 738 hauc
421 676 573 738 rationem
598 674 737 756 sequitur
759 676 972 756 accusativns;
997 695 1069 739 nam
1099 683 1249 759 quotquot
1271 675 1371 758 scrip-

241 784 325 842 tores
358 776 493 860 perlegi,
528 797 623 842 uoum
652 779 789 842 occurrit
816 778 1012 862 exemplum
1051 778 1134 860 quod
1153 779 1251 842 'enirn
1280 777 1371 840 Plato

242 879 351 944 scribit
366 877 499 943 Phaedr.
516 881 579 942 275
590 879 637 944 'At
671 888 752 943 τοῦτο
775 883 828 968 χοίρ
852 888 909 943 τῖον
933 882 1085 963 μαθόντων
1107 883 1207 966 λήθην
1223 881 1252 943 ἐν
1269 884 1372 966 ψυχαῖς

242 975 356 1072 παρέξει
384 989 501 1068 μνήμης
528 986 714 1068 ἀμελετηοίρ,
752 989 802 1047 ἅτε
835 985 880 1048 διαί
914 987 1001 1048 πίστιν
1035 987 1150 1072 χραιρής
1183 976 1294 1058 ἔξωθεν
1325 983 1370 1048 ὑπ’

243 1091 403 1176 ἀλλοτρίων
426 1091 530 1165 τύπων,
555 1090 607 1152 οὐκ
629 1090 744 1153 ἔνδοθεν
769 1089 871 1161 αὐτοὺς
891 1089 939 1176 ὑφ’
952 1090 1046 1154 αὐτῶν
1063 1095 1372 1174 ἀναμιμνῃσκομένους,

242 1195 401 1280 participii
434 1193 588 1261 habemus
615 1196 827 1260 accusativum
857 1195 1198 1279 (ἀναμιμνῃσκομένους),
1236 1197 1374 1262 nominis

244 1299 466 1386 praecedentis
490 1300 669 1380 genetivum
694 1300 764 1378 (τῶν
788 1301 963 1384 μαθόντων).
1010 1301 1073 1366 Sed
1100 1303 1285 1386 scriptorem
1314 1301 1375 1364 hoc

242 1405 311 1488 ipso
345 1403 414 1469 loco
452 1403 584 1470 consilio
619 1403 753 1487 quodam
793 1405 875 1469 hano
909 1405 1143 1471 anacoluthiam
1178 1406 1374 1490 appetivisse

242 1507 428 1591 perpituum
452 1512 507 1571 est.
554 1505 654 1582 Quam
678 1507 813 1572 obscura
836 1509 921 1572 enim
944 1519 1037 1591 atque
1053 1508 1192 1573 difficilis
1208 1507 1373 1573 intellectu

243 1609 392 1677 evaderet
414 1610 598 1689 enuntiatis,
622 1610 647 1674 si
673 1609 807 1674 eundem
831 1613 1007 1695 accepisset
1036 1613 1235 1696 participium
1265 1632 1372 1676 casum

244 1734 336 1797 quem
370 1730 486 1776 nomeu
519 1709 729 1795 praecedens!
776 1711 946 1796 Participic
976 1733 995 1778 a
1022 1716 1149 1780 nomine
1184 1714 1286 1779 soluto
1319 1715 1373 1797 ¹qui

244 1835 335 1880 casus
370 1834 410 1878 ex
443 1815 601 1878 sententia
634 1815 735 1894 magis
769 1823 861 1898 aptus
889 1815 945 1880 fuit
973 1837 1067 1898 quam
1097 1815 1244 1899 quartus?
1291 1815 1372 1882 Nam

243 1925 300 1981 τῶν
324 1919 476 2000 μαθόντων
499 1915 599 2000 λήθην
622 1907 737 2004 παρέξει
760 1917 853 1982 facile
876 1918 963 1982 abire
986 1920 1089 2002 potuit
1113 1920 1144 1982 in
1158 1918 1294 1984 eandem
1311 1921 1372 1983 vim

244 2043 325 2108 quae
347 2029 396 2088 cst
416 2021 482 2092 τοὺς
505 2024 653 2105 μαθόντας
675 2012 790 2109 παρέξει
813 2023 1054 2105 λανδανομένους,
1090 2038 1124 2087 ut
1152 2025 1195 2103 ei,
1230 2025 1282 2105 qui
1312 2043 1372 2088 non

244 2136 316 2196 snut
339 2128 378 2194 de
401 2147 458 2193 suo
481 2128 550 2212 ipso
574 2147 740 2208 memores,
765 2129 853 2211 qnasi
869 2128 1009 2192 efficiant
1023 2127 1181 2192 obiectum
1198 2130 1373 2193 sententiae

245 2232 339 2298 verbo
361 2230 450 2295 tinito
474 2249 653 2314 expressae.
698 2227 806 2312 ltaque
830 2230 908 2294 haec
932 2229 1145 2312 discrepantia
1165 2249 1293 2296 casuum
1311 2251 1370 2295 non

244 2335 324 2400 ferri
343 2353 407 2398 non
435 2338 548 2416 potest,
584 2350 645 2414 qua
672 2329 811 2396 admissa
844 2333 1041 2396 accusativus
1074 2350 1139 2396 non
1173 2331 1268 2398 modo
1300 2341 1370 2418 apte

244 2436 406 2517 convenit,
440 2434 497 2499 sed
533 2433 581 2497 vel
616 2434 760 2514 exigitur.
806 2433 936 2497 Praeter
969 2432 1029 2498 hoc
1062 2455 1157 2498 unum
1192 2436 1364 2520 exemplum

245 2535 492 2624 deprehenditur
513 2535 645 2616 nullum,
669 2534 753 2618 quod
782 2536 823 2600 sit
850 2535 992 2600 eiusdem
1021 2537 1161 2616 generis3
1194 2558 1269 2602 nam
1300 2557 1367 2602 curo

246 2662 283 2707 ec
305 2661 369 2706 non
393 2646 466 2704 sunt
488 2635 670 2704 conferendi
695 2637 724 2702 ei
750 2637 825 2717 loci,
853 2638 904 2720 qui
935 2637 1052 2701 habent
1085 2641 1299 2704 accusativum
1335 2639 1372 2704 ob

246 2745 419 2810 orationem
444 2741 618 2825 obliquam,
647 2748 680 2804 ut
702 2741 845 2805 oratione
873 2739 993 2805 directa
1026 2742 1130 2825 posita
1164 2744 1375 2807 nominativus

247 2848 372 2924 existat,
401 2842 485 2908 velut
512 2841 608 2906 Thuo.
627 2841 661 2907 V.
680 2843 731 2918 79,
755 2844 787 2906 1:
816 2844 938 2906 καττάδε
962 2835 1042 2918 εδοξε
1065 2853 1122 2913 τοῖς
1144 2845 1374 2924 Λακεδαιμονίοις

246 2953 293 3015 καί
311 2952 450 3039 Ἀργείοις
473 2949 595 3017 σπονδάς
618 2948 665 3010 καί
688 2937 849 3034 ξυμμαχίαν
874 2949 950 3031 εἶμεν
974 2953 1144 3033 πεντήκοντα
1167 2947 1228 3029 ἔτη,
1253 2947 1298 3010 ἐπὶ
1317 2957 1376 3020 τοῖς

245 3061 315 3127 ίοοις
342 3057 389 3118 καί
418 3055 521 3137 ὁμοίοις
548 3054 628 3122 δίκας
654 3053 780 3122 διδόντος
813 3056 903 3115 καττὰ
936 3061 1050 3142 πατρια;
1086 3052 1137 3116 ubi
1171 3051 1292 3116 dictum
1327 3063 1376 3120 cst

247 3166 372 3232 διδόντας
410 3161 498 3243 qnasi
538 3157 746 3244 praecederet
782 3157 847 3228 τοὺς
883 3161 1122 3242 Λακεδαιμονίους
1154 3158 1201 3220 καί
1230 3159 1376 3245 Ἀργείους

248 3270 371 3338 σπονδὰς
386 3267 432 3330 καὶ
448 3256 610 3352 ξυμμαχίαν
626 3265 709 3351 ἔχειν,
727 3287 806 3349 quae
824 3266 920 3332 verba
935 3260 1076 3350 pendent
1094 3287 1132 3330 ex
1148 3266 1269 3327 καττάδε
1285 3255 1374 3336 ἔδοξε.

250 3373 357 3457 Neque
391 3370 632 3437 admirationem
667 3379 795 3434 movent
822 3369 977 3436 eiusmodi
1015 3371 1176 3454 exempla,
1206 3369 1298 3452 quale
1331 3377 1376 3434 est

249 3476 343 3561 Soph.
368 3475 443 3540 Ant.
467 3473 564 3537 1001:

452 3587 535 3662 ίζιον,
552 3568 594 3646 1ἵν’
607 3583 643 3668 ἠν
667 3605 712 3665 μοι
734 3584 838 3652 παντὸς
861 3584 960 3646 οἰωνοῦ
984 3581 1071 3666 λιμὴν

248 3736 452 3744 --....-.-.

248 3811 337 3879 putat,
356 3808 530 3862 manifestum
548 3813 592 3862 est
609 3823 662 3862 non
682 3824 747 3862 sane
766 3808 896 3862 traditum
917 3825 992 3874 esse3
1012 3808 1117 3878 aliquid
1141 3807 1213 3860 anim
1232 3805 1383 3869 intercidit,

248 3898 349 3949 utnon
368 3893 490 3948 dubitem
508 3894 537 3947 id
556 3894 628 3962 quod
641 3894 783 3964 proposuit
796 3893 946 3948 Schauuius
960 3894 1097 3964 recipere:
1112 3892 1174 3950 θεὸς
1193 3889 1224 3944 δὲ
1242 3887 1381 3960 ἀνθρώπῳ

250 3975 281 4032 οὗ
298 3980 432 4049 μίγνυται,
453 3974 519 4032 ἄλλοί
545 3978 590 4031 διαί
608 3979 697 4032 τούτου
719 3978 794 4032 πᾶσαί
819 3975 889 4030 ἐστιν
907 3977 920 4042 ἡ
941 3977 1032 4048 ὁμιλία
1054 3977 1100 4030 καί
1123 3976 1137 4039 ἦ
1157 3975 1288 4033 διάλεκτος
1309 3981 1383 4034 θεοῖς

250 4064 316 4132 πρός
326 4064 507 4132 ἀνθρώπουςί
516 4063 562 4116 καί
572 4063 639 4132 πρός
648 4063 729 4125 θεοὺς
739 4062 921 4132 ἀνθρώποιςῇ
932 4063 977 4114 καί
988 4062 1147 4132 ἐγρηγορόσι
1155 4060 1200 4112 καὶ
1213 4059 1383 4114 καθεύδουσι,
