3086 4680
678 172 888 236 0-42-

308 358 541 434 censeamusque
560 361 703 446 risuique
729 362 897 449 participia
925 362 982 429 illa
1014 364 1109 432 simili
1142 362 1251 446 modo,
1286 382 1345 448 qno

220 463 339 549 aliquot
361 466 569 548 snbstantim,
598 473 752 535 certarum
775 465 980 534 formularum
1002 470 1141 555 speciem
1164 465 1345 554 necopino?

220 565 340 641 blm
363 575 412 636 est
434 569 617 651 verisimile3
640 589 713 638 nam
737 568 878 638 diversas
901 570 1019 639 formas
1041 593 1081 640 ex
1097 571 1228 640 diversis
1244 571 1346 639 verbis

220 671 380 740 derivatas
402 673 567 740 habemus.

305 775 384 842 Cum
405 777 501 858 igitur
521 775 599 842 nibil
621 777 755 845 inveniri
779 776 930 860 videatur,
953 775 1036 862 quod
1058 779 1200 861 exegerit
1216 797 1346 846 aecusa-

219 880 332 958 tivum‚
359 887 392 945 et
413 881 509 946 luisse
532 887 564 946 et
586 900 656 948 esse
679 900 742 948 non
769 888 817 946 est
843 882 972 964 mirum,
1002 882 1053 966 qui
1081 880 1170 948 illam
1195 882 1345 949 orationis

219 982 419 1050 insolentiam
454 983 593 1067 qualibet
625 983 737 1052 tollere
764 983 938 1050 mutatione
973 992 1172 1053 conarentur.
1218 983 1281 1051 Sed
1313 992 1347 1053 ut

219 1091 342 1152 taceam
369 1093 519 1170 metrum,
554 1084 638 1170 quod
665 1107 705 1152 ne
732 1088 908 1170 corrigatur
933 1086 1082 1174 impedit,
1116 1108 1209 1172 quem
1237 1107 1345 1157 nasum

219 1210 405 1258 censeamus
428 1210 503 1258 ¹esse
532 1188 782 1258 restituendum?
827 1189 992 1272 Dativum3
1026 1211 1099 1258 nam
1128 1190 1212 1257 bunc
1238 1210 1346 1258 casum

218 1293 360 1378 postulat
381 1291 525 1360 doctrina
546 1294 767 1376 grammatica
802 1312 840 1360 ac
866 1294 1007 1381 proiecto
1030 1293 1173 1362 nonnulli
1198 1295 1244 1362 ita
1268 1295 1347 1362 scri·

220 1404 349 1482 pserunt
371 1396 473 1483 (velut
488 1395 703 1484 Blaydesius);
737 1395 794 1462 sed
816 1397 972 1482 quomodo
1005 1397 1235 1482 intellegamus,
1267 1398 1294 1466 si
1327 1416 1347 1462 a

219 1506 314 1584 poeta
340 1498 466 1568 dativus
492 1499 653 1586 proiectus
679 1506 779 1582 esset,
810 1499 957 1568 librarios
983 1502 1016 1573 in
1042 1502 1256 1570 accusativum
1290 1500 1346 1568 ab·

219 1612 376 1671 erraturos
407 1604 504 1672 inisse
536 1603 632 1688 idqne
668 1602 766 1670 tribus
802 1603 881 1673 locis
919 1603 1108 1674 simillimis?
1159 1603 1347 1672 Genetirurn

219 1727 342 1791 quoqne
368 1706 547 1774 maluemnt
573 1706 692 1790 aliquot
718 1707 775 1772 riri
803 1704 888 1774 docti
914 1708 1035 1794 poni;¹)
1069 1707 1127 1784 sed
1160 1707 1211 1774 bic
1244 1726 1347 1790 omns,

219 1811 271 1894 qui
294 1812 431 1881 maxime
455 1817 656 1897 exspectatur
677 1810 844 1896 participio
866 1809 968 1877 soluto
991 1811 1047 1894 (ci.
1068 1831 1100 1898 p.
1121 1811 1165 1896 9),
1199 1810 1250 1876 bic
1282 1830 1348 1878 non

219 1921 269 1983 est
295 1920 387 2000 aptus
414 1916 598 1982 sententiae.
643 1912 841 1997 Quamquam
868 1913 955 1982 Pers.
978 1915 1056 1998 895,
1082 1921 1118 1980 ut
1144 1915 1347 2000 exposuimus

218 2037 249 2102 p.
263 2017 293 2099 6,
317 2017 367 2083 vol
390 2019 521 2100 exigunt
541 2017 768 2102 grammaticae
789 2015 888 2102 leges,
910 2026 944 2085 ut
964 2019 1165 2105 participium
1191 2018 1223 2084 in
1250 2037 1346 2102 qene-

218 2121 283 2186 tivo
305 2128 449 2206 ponatur,
473 2141 544 2187 cunr
566 2121 668 2188 forma
689 2120 766 2204 ἐμῶν
788 2121 1003 2206 praecedat,²)
1032 2129 1139 2188 tamen
1167 2121 1264 2188 ceteri
1285 2119 1347 2192 loci

219 2234 410 2308 repugnant3
434 2227 598 2310 genetivus
620 2225 705 2292 enim
728 2226 899 2307 restitutus,
922 2245 995 2290 cum
1009 2244 1086 2311 prae
1101 2245 1136 2292 se
1151 2225 1232 2310 ierat
1253 2223 1347 2291 abso-

219 2325 275 2392 luti
298 2329 448 2413 speoiem,
471 2328 599 2394 omnino
621 2348 684 2395 nou
711 2333 816 2414 potest
841 2327 930 2406 ferri;
963 2347 1037 2394 nam
1065 2328 1227 2414 usurparit
1253 2333 1349 2413 poeta

218 2429 329 2515 verba,
356 2432 390 2496 in
418 2430 530 2516 quibus
558 2430 641 2496 inest
667 2431 714 2498 vis
740 2429 1015 2498 animadvertendi
1048 2432 1209 2498 universa:
1243 2433 1346 2508 κλύειν,

217 2537 282 2602 ἰδεῖν
299 2573 356 2606 ,-
393 2556 496 2622 neque
529 2535 614 2602 aliud
648 2545 696 2602 cst
728 2537 865 2626 προσιδεῖν
904 2542 999 2620 atque
1037 2534 1173 2621 simplex
1205 2537 1347 2604 verbum.

218 2640 322 2720 Quid?
355 2661 461 2708 nonne
488 2640 566 2708 haec
593 2642 690 2708 verba
715 2641 908 2730 participiali
937 2641 1041 2707 forma
1072 2647 1205 2728 accepta
1236 2649 1348 2740 suapte

218 2753 333 2813 natura
358 2765 490 2814 necesse
518 2754 566 2812 est
592 2745 783 2813 cohaereant
816 2765 887 2812 cum
922 2745 1047 2812 actione
1079 2745 1240 2832 primaria,
1273 2764 1348 2824 cum

218 2856 351 2935 utraque
382 2849 469 2916 notio
503 2856 537 2914 et
568 2848 842 2916 animadvertendi
873 2855 906 2915 et
938 2845 1071 2915 affectus
1104 2848 1272 2932 significati
1305 2847 1348 2915 ad

219 2973 315 3032 unam
338 2951 535 3037 eandemque
556 2971 725 3038 personam
748 2949 927 3038 pertineat?
972 2951 1123 3018 Absolute
1149 2953 1243 3036 igitur
1267 2951 1350 3020 haec

219 3058 388 3149 participia
409 3076 473 3122 non
495 3061 629 3144 possunt
649 3057 735 3142 poni.
767 3054 800 3120 Si
822 3055 892 3139 quis
908 3054 1034 3138 obiciat,
1057 3054 1141 3138 quod
1164 3075 1203 3122 ex
1218 3053 1348 3122 Homeri

219 3160 411 3229 carminibus
434 3158 597 3228 attulimus
618 3178 651 3245 p.
676 3161 727 3242 10,
750 3157 897 3244 (ζ1ῠ5)ι

629 3264 710 3349 μάλα
733 3267 785 3330 πού
809 3288 885 3354 σφισι
908 3265 1001 3349 copie

425 3370 483 3436 αἰὲν
507 3371 710 3460 εὐφροσύνῃσιν
725 3373 839 3436 ἰαίνεται
854 3372 946 3435 εἵνεκα
962 3377 1029 3444 σεῖο,

423 3479 602 3541 λευσσόντων
625 3479 729 3541 τοιόνδε
752 3478 847 3546 θάλος
868 3480 955 3565 χορόν
979 3477 1177 3562 εἰσοιχνεῦσαν.

217 3583 278 3652 hoc
305 3583 483 3670 exemplum
511 3592 662 3667 quantum
685 3583 781 3650 distet
807 3581 848 3648 ab
873 3581 936 3650 illis
962 3581 1061 3648 tribus
1086 3580 1165 3648 lnois
1193 3579 1249 3648 (lb.
1273 3579 1349 3662 399,

218 3709 422 3716 ——-.--—-——.

302 3764 323 3830 1)
342 3764 417 3818 volut
433 3762 615 3832 Hartnngins,
634 3761 741 3818 scribes
757 3761 887 3822 κλυούοας
906 3760 967 3829 (Ob.
984 3759 1054 3831 399).

302 3849 325 3915 2)
344 3864 431 3920 neque
459 3847 615 3907 Meinekius
643 3847 778 3903 dubitavit
805 3843 913 3918 [Philcl.
935 3845 1006 3902 XIX
1028 3844 1126 3916 ptati]
1152 3845 1224 3900 buno
1250 3859 1345 3906 cuum

215 3936 305 3994 textui
316 3936 424 3998 inferre.
438 3935 560 3990 scribens
572 3932 704 3994 ἑοιδόνοος
714 3930 791 3998 ἐτοῖν,
810 3948 881 4004 quae
894 3932 1058 3998 coniectura,
1071 3931 1196 4002 quamuis
1207 3929 1345 4000 quomodo

217 4021 372 4094 corruptela
389 4020 536 4092 irrepserit.
559 4036 595 4076 en
616 4019 825 4078 maiusculnrurn
851 4019 987 4089 scriptam
1012 4016 1123 4074 studeat
1149 4015 1351 4082 denonantur..

216 4127 270 4165 non
288 4110 372 4162 babet
389 4107 623 4178 probabilitatem.
660 4106 708 4176 [ot.
727 4105 888 4162 Teuffelium
906 4105 942 4158 ad
960 4104 986 4160 h.
1004 4103 1032 4172 l]
