3086 4680
694 229 904 297 *26*-

319 422 418 489 Nemo
441 425 537 503 igitur
561 424 688 505 negabit
711 422 902 506 Aeschylum
925 419 1116 488 anacolutha
1133 422 1223 488 buius
1239 424 1368 506 generis

232 525 402 592 admisisse
425 526 647 606 audacissima,
671 544 751 610 quae
778 523 932 605 nonnulli,
956 524 1040 590 velut
1062 525 1104 590 Μ.
1128 525 1367 609 Schmidtius,¹)

232 649 294 696 non
319 649 390 695 esse
413 628 545 695 ferenda
567 631 798 709 existimarunt,
822 634 858 693 ut
880 628 989 692 omnia
1015 627 1194 694 huiusmodi
1219 629 1368 714 exempla

232 731 343 797 tollere
367 740 463 816 atque
486 731 572 797 illam
598 731 745 817 loquendi
774 733 927 797 rationem
955 738 1019 796 tam
1050 731 1182 796 liberam
1208 731 1367 818 Aeschylo

234 834 361 900 demere
385 854 448 900 uon
473 833 694 900 dubitaverint.
740 833 830 910 Quod
853 833 939 915 alii²)
967 834 1035 900 iure
1063 834 1258 919 improbant3
1292 855 1365 899 nam

235 936 314 1002 haec
338 937 466 1002 lieentia
488 936 569 1002 indit
596 936 688 1001 huius
722 940 838 1021 poetae
872 937 1010 1001 sermoni
1044 937 1183 1020 speciem
1218 937 1366 1021 loquendi

235 1039 320 1104 illam
344 1049 408 1104 tam
433 1040 624 1121 singularem
649 1048 681 1104 et
703 1036 872 1120 grandem,
901 1057 982 1121 quae
1009 1046 1057 1103 est
1078 1040 1110 1103 in
1135 1045 1243 1105 nostra
1265 1037 1366 1104 admi·

234 1143 357 1207 ratione
380 1161 512 1207 summa.
559 1139 640 1207 Nam
671 1142 697 1206 si
725 1142 822 1223 locos,
849 1142 901 1225 qui
930 1139 1080 1206 exhibent
1107 1141 1261 1207 eiusmodi
1289 1162 1366 1207 ena-

237 1244 419 1325 coluthiam,
441 1245 601 1309 intuemur
624 1243 807 1326 singulos‚³)
831 1249 981 1327 quantam
1004 1244 1036 1307 in
1066 1245 1236 1310 sententiis
1263 1245 1368 1310 inesse

236 1347 378 1412 videmus
402 1347 465 1410 vim
489 1353 520 1411 et
542 1347 739 1428 gravitatem.
785 1344 953 1430 Adspicias
977 1346 1069 1410 velim
1092 1346 1271 1432 exemplum
1289 1346 1366 1412 illud

235 1472 274 1514 ex
297 1449 388 1514 Eum.
413 1449 646 1534 depromptum,
670 1451 722 1514 ubi
745 1451 841 1534 priori
865 1448 1086 1515 anacolutbiae
1114 1452 1316 1517 continuatur
1337 1457 1368 1514 et

236 1553 376 1632 iungitur
399 1552 500 1616 altera
522 1551 563 1634 (v.
589 1552 680 1634 100):

440 1672 574 1734 παθοῦσα
596 1671 621 1734 θ’
634 1672 709 1734 ούτον
731 1672 807 1734 bercol
828 1672 898 1759 πρὸς
919 1679 976 1734 τῶν
1000 1673 1156 1758 φιλτάτων,

442 1776 532 1846 οὐθεὶς
554 1776 622 1864 ύπέρ
646 1800 699 1860 μου
722 1779 862 1860 δαιμόνων
885 1779 1021 1860 μηνίεται.

236 1897 393 1982 quomodo
410 1899 509 1980 qualis
525 1897 797 1984 Clytaemnestrae
813 1901 854 1964 sit
875 1898 1019 1965 condicio
1036 1900 1139 1985 aptius
1160 1897 1368 1968 describitur?

238 2039 278 2047 —
302 2000 364 2066 Alii
388 2008 502 2086 poetae
525 2022 626 2085 neque
650 2011 714 2066 tarn
744 2002 922 2086 frequenter
950 2021 1051 2086 neque
1079 2009 1145 2066 tam
1178 2001 1276 2065 libere
1311 2001 1370 2068 hac

237 2101 363 2169 dicendi
401 2104 523 2169 ratione
560 2105 608 2168 usi
646 2112 729 2169 sunt.
786 2104 880 2189 Apud
916 2101 1103 2169 Pindarum
1126 2110 1211 2169 certe
1249 2101 1368 2168 nullum

238 2205 416 2290 exemplum
441 2206 562 2285 inveni;
587 2205 670 2290 apud
695 2206 883 2291 Sophoclem
908 2205 1031 2272 duobus
1055 2205 1149 2271 modo
1172 2205 1249 2270 locis
1269 2213 1371 2270 exstat

238 2310 316 2374 haec
339 2314 497 2374 structura
519 2318 584 2372 tam
609 2311 745 2393 proprie,
769 2329 900 2391 quorum
924 2331 1004 2376 unus
1027 2308 1069 2376 ad
1094 2307 1243 2393 Aeschyli
1268 2309 1369 2390 gravi·

238 2419 334 2477 tatem
360 2431 457 2496 prope
481 2411 607 2475 aceedit
629 2410 723 2494 (Oed.
747 2411 782 2475 R.
810 2412 900 2492 159):

243 2542 245 2546 ·
340 2521 440 2602 πρῶτά
484 2536 516 2577 σε
539 2515 720 2596 κεκλόμενος,
744 2515 867 2602 θύγατερ
891 2515 964 2588 Δεύς,
988 2512 1107 2602 άμβροτ’
1121 2512 1246 2590 Ἀθάνα,

360 2626 494 2706 γαιάοχον
517 2619 540 2682 τ’
556 2621 702 2705 ἀδελφεὰν

357 2723 502 2813 Ἀρτεριν,
528 2729 546 2786 ἃ
569 2724 714 2788 κοκλύεντ’
728 2727 833 2812 ἀγοράς
855 2728 958 2813 θρόνον
981 2725 1087 2788 εύκλέα
1108 2727 1211 2788 θάσσει

362 2833 410 2894 καὶ
432 2831 534 2915 Φοῖβον
558 2831 706 2914 ἑκαβολον,
729 2830 764 2893 ἰὼ

364 2937 470 3025 τρισσοὶ
493 2927 656 3024 άλεΕίμοροι
679 2939 843 3023 προράνητὲ
867 2959 912 3018 μοι
936 2985 943 2998 .
970 2983 976 2999 .

240 3060 333 3140 alter,
367 3059 399 3124 id
428 3057 512 3142 quod
539 3061 641 3123 tenori
664 3059 759 3123 totius
782 3056 842 3122 loci
877 3064 1125 3122 consentaneum
1160 3067 1222 3132 est,
1256 3069 1374 3129 prosae

240 3164 390 3228 orationis
414 3161 525 3227 similis
549 3169 597 3226 est
619 3159 714 3242 (Phil.
739 3161 832 3240 olm:

446 3283 543 3345 πλέων
565 3281 620 3367 γάρ
644 3279 685 3350 ὡς
706 3281 869 3367 ναύκληρος
891 3278 923 3340 ού
946 3277 1048 3362 πολλῷ
1070 3278 1166 3364 otoldi

448 3384 496 3449 ἀπ’
521 3385 604 3449 Ἰλίου
627 3387 697 3473 πρὸς
720 3386 795 3448 οἷκον
818 3386 848 3453 ἐς
870 3387 922 3468 τὴν
946 3383 1078 3470 εύβοτρον

447 3491 634 3579 Πεπάρηθον,
659 3490 699 3560 ὡς
721 3491 833 3574 ἤκουσα
856 3477 920 3559 τούς
942 3489 1046 3555 ναύτας
1069 3489 1109 3548 ὅτι

449 3598 493 3661 σοὶ
515 3603 618 3666 πάντες
640 3597 695 3660 εἶεν
719 3595 1039 3676 σοννεναοστοληκύτες,

243 3729 449 3744 ’donna—*nnu—

329 3790 348 3855 1)
369 3787 513 3844 ο1.οοαο1.
534 3801 655 3858 gymnas.
675 3786 803 3840 austriae.
825 3786 898 3838 1864.
916 3801 934 3854 p
955 3784 1012 3837 123.

327 3874 349 3942 2)
368 3875 445 3928 velut
471 3872 677 3928 Heimsoethlus
704 3872 764 3924 ‘Dle
789 3866 1077 3934 Wiederherstellung
1104 3867 1152 3919 der
1180 3864 1300 3917 Dromon
1328 3861 1378 3914 des

244 3959 414 4030 Aeschylus!
453 3960 527 4014 1861.
555 3959 651 4029 plan.

329 4045 350 4110 ⁸)
369 4045 437 4100 talia
460 4044 586 4113 exempla
605 4042 746 4110 congessit
764 4038 929 4094 Weelrlinue
946 4035 1064 4092 Studien
1082 4053 1116 4090 nn
1136 4032 1297 4103 Aeschylus.
1325 4031 1379 4084 Be·

246 4132 293 4185 rol.
317 4133 387 4188 1872.
415 4150 442 4203 p.
465 4135 502 4188 14.
