3086 4680
627 305 839 385 ..35-

170 505 310 594 Choeph.
333 509 412 574 468:
435 510 525 596 κάγὼ,
549 516 646 600 πάτερ,
664 512 778 583 ,τοιάνδε
802 489 852 580 σου
876 515 973 601 χρείαν
995 513 1054 602 ἔγω

432 626 526 704 φυγεῖν
550 619 638 700 μέγαν
661 619 832 705 προσθεῖσαν
856 617 983 704 Αίγίσδιρ
1009 615 1129 707 [μόρον].

170 718 279 806 Suppl.
303 723 381 787 316:
405 724 464 786 ἐπεὶ
486 725 527 794 τίς
550 725 631 811 ηὔγει
655 721 733 809 τὴνδ’
747 726 911 788 ἀνέλπιστον
935 725 1025 813 ρογὴν

409 829 520 893 κέλσειν
544 830 574 900 ές
591 827 697 916 Ἀργος
719 831 805 913 κῆδος
828 829 937 913 ἐγγενὲς
960 831 992 893 τό
1016 830 1077 918 πρὶν

407 935 486 1022 ἔχθει
509 941 729 1018 μεταπτοιοῦσαν
753 935 870 998 εὐναίων
889 942 1006 1020 ,γοὶγιοιν;

171 1037 224 1137 q'ui
253 1051 315 1120 loui
342 1059 408 1122 tam
443 1056 514 1121 miri
548 1057 665 1123 eritieis
692 1056 893 1140 videbantur,
927 1062 963 1126 ut
994 1077 1101 1124 eurum
1135 1055 1297 1124 libidinem

172 1155 348 1239 corrigendi
370 1179 434 1226 nen
458 1158 639 1243 effugerent.
675 1158 738 1226 Sed
762 1158 940 1246 Aesahylea
955 1160 1090 1226 elocutio
1109 1156 1203 1226 donet
1217 1157 1299 1225 hane

172 1257 356 1327 abnormem
380 1269 567 1330 structuram
590 1283 653 1330 non
676 1283 748 1330 esse
770 1261 987 1347 tollendam.¹)
1025 1261 1196 1349 Sophualeu
1211 1269 1299 1328 earet

172 1361 231 1428 hae
252 1363 394 1447 lieentia3
421 1387 496 1435 nam
517 1385 700 1452 perversum
723 1377 771 1432 est
798 1368 843 1433 eie
870 1366 1054 1450 intellegere
1078 1365 1114 1432 0.
1138 1363 1174 1431 R.
1200 1367 1297 1432 1193:

480 1473 520 1541 τίς
542 1478 604 1560 γάρ,
630 1471 670 1542 τίς
694 1471 765 1558 ἀνὴρ
789 1473 875 1535 πλέον

480 1588 531 1647 τᾶς
554 1577 729 1660 εὐδαιμονίας
753 1579 830 1664 φέρει
935 1647 937 1650 ,

480 1685 499 1768 ἦ
523 1691 665 1760 τοσοῦτον,
690 1685 755 1747 ὅσον
779 1685 868 1747 δοκείν

479 1791 526 1852 καί
548 1779 660 1864 δόξαντ’
674 1790 834 1874 ἀποκλῖναι;

171 1908 226 1973 ubi
249 1909 367 1976 Krauee
390 1908 504 1997 aliique
526 1919 713 1999 exspectant
735 1911 960 1978 nominativum
983 1901 1070 1983 δόξας
1092 1929 1148 1997 pro
1171 1897 1297 1990 δόξαντ’;

174 2011 230 2079 sed
252 2003 364 2088 δόξαντ’
388 2023 437 2082 eet
458 2010 657 2084 referendum
682 2015 723 2082 ad
746 2016 904 2092 ἀποκλῖναι,
928 2015 979 2099 qui
1006 2014 1177 2081 inlinitivns
1206 2013 1299 2080 timul

174 2139 244 2184 eum
271 2119 485 2204 praecedente
517 2123 607 2185 δοκεῖν
634 2122 722 2206 quasi
750 2140 844 2186 unam
880 2121 1039 2186 notionem
1066 2118 1142 2185 iacit
1167 2137 1300 2203 eamque

173 2224 367 2307 generalem,
388 2246 468 2309 quae
484 2227 692 2294 introducitur
706 2246 764 2314 per
779 2245 953 2312 pronomen
967 2226 1048 2304 όσον;
1067 2225 1174 2310 itaque
1188 2213 1300 2299 δόξαντ’

175 2330 372 2397 aecusativus
395 2330 473 2397 nihil
500 2330 595 2398 habet
621 2329 814 2398 offensionis.
858 2329 965 2396 Potius
993 2328 1077 2396 hune
1102 2337 1239 2415 poetam,
1272 2331 1299 2396 ei

175 2427 245 2498 eine
264 2432 386 2500 tabulae
408 2434 708 2521 perlustraremus,
731 2433 950 2500 attractionem
973 2433 1123 2502 omissam
1138 2439 1299 2518 tamqnam

173 2537 353 2604 inusitatam
378 2538 513 2604 evitasse
535 2538 740 2619 inveniemus,
767 2536 800 2601 id
823 2535 907 2622 quod
934 2535 1071 2603 dilucide
1098 2540 1232 2622 apparet
1259 2557 1298 2603 ex

172 2641 273 2706 tribus
295 2640 384 2723 loeis,
406 2643 458 2725 qui
481 2641 701 2708 attraetio'nem
727 2640 822 2706 habet
844 2659 906 2705 non
930 2640 1060 2706 saetam:

174 2761 213 2826 Αἰ
239 2761 336 2826 1006:
373 2771 417 2824 ποῖ
440 2765 492 2850 γὰρ
516 2764 612 2846 μολεῖν
636 2786 682 2845 μοι
704 2763 830 2836 δυνατόν,
854 2762 893 2829 εἰς
915 2761 1008 2830 ποίους
1030 2759 1147 2847 βροτοὺς

379 2877 436 2938 τοῖς
460 2877 518 2940 σοῖς
541 2857 677 2956 ἀρηξαντ’
701 2869 730 2930 ἐν
753 2872 856 2930 πόνοισι
880 2867 1027 2950 μηδαμοϋ;

175 2972 224 3038 El.
249 2975 327 3039 958:
378 2983 422 3038 ποῖ
444 2977 497 3062 γοίρ
521 2983 613 3058 μενεῖς
636 2975 781 3061 ρἠίόομος;
804 2973 834 3042 ἐς
857 2970 906 3034 τίν’
931 2972 1052 3035 ἐλπίδων
1141 3027 1144 3036 ,

382 3079 504 3167 βλέψασ’
528 3079 567 3144 ἐτ’
592 3080 696 3169 unitim
721 3079 741 3163 γ’γ
766 3085 881 3166 πάρεστι
904 3076 955 3160 μὲν
979 3080 1081 3140 στένειν

382 3187 503 3250 πλούτου
526 3188 656 3273 πατριίοο
680 3187 777 3269 κτησιν
800 3185 988 3270 ἐστερημένῃ,

381 3299 496 3380 πάρεστι
518 3290 543 3356 δ’
557 3294 651 3375 ἀλγεῖν
675 3293 704 3362 ἐς
727 3291 841 3353 τοσόνδε
863 3295 913 3352 τοῦ
935 3293 1037 3374 γρόνοο

382 3401 508 3485 ἄλεκτρα
530 3404 728 3485 γηράσκουσαν
751 3397 904 3478 ἀνυμέναιά
926 3415 966 3456 τε.

178 3503 215 3570 Ο.
240 3505 274 3571 (l.
299 3507 353 3570 87:
378 3485 409 3575 ότ
432 3509 490 3588 (su.
514 3503 630 3589 Φοῖβος)
654 3526 708 3585 μοι,
733 3504 769 3564 τό
791 3498 877 3563 πόλλ’
901 3496 982 3563 ἐκεῖν’
1007 3495 1047 3562 ὅτ’
1070 3486 1176 3582 ἐξέγρη

379 3613 484 3694 ταύτην
508 3599 591 3682 ἐλεὲε
614 3609 726 3672 παῦλαν
749 3607 778 3670 ἐν
802 3610 895 3694 χρόνῳ
919 3604 1021 3691 μακρῷ

177 3763 381 3772 --—-——-

264 3819 283 3888 ¹)
302 3818 472 3883 Schuetniun,
490 3815 610 3887 exempli
627 3830 719 3882 eausa,
742 3815 770 3868 in
788 3813 884 3886 Suppl.
904 3811 1026 3868 uersibus
1050 3807 1223 3864 scribendum
1240 3821 1302 3877 pru·

177 3902 390 3977 poenitebitur
407 3903 546 3975 μ”Αργοςς
564 3901 660 3957 eodem
679 3904 788 3972 spectat
806 3898 918 3956 canteri
936 3897 1102 3962 coniectura,
1123 3893 1166 3948 eni
1185 3894 1233 3948 Ch.
1251 3891 1302 3948 468

178 3991 331 4062 ponendum
349 3991 504 4047 ridebatur:

383 4072 468 4146 κᾶγιό,
487 4076 577 4145 πάτερ,
597 4073 701 4128 τοιάνδε
718 4087 766 4126 σου
784 4071 883 4142 χρείαν
901 4069 958 4140 ἔχω

383 4169 484 4234 φυγεῖν
500 4178 536 4232 με
553 4158 678 4230 λαμπρόν
695 4163 793 4212 θεῖσαν
805 4157 928 4228 Αἰγίσθῳ
945 4153 1039 4226 μόρον,

179 4251 251 4322 qnod
270 4251 322 4304 iam
341 4248 505 4322 improbavit
522 4247 702 4302 Hermaunne.
