<?xml version="1.0" encoding="UTF-8"?>
<!DOCTYPE html PUBLIC "-//W3C//DTD XHTML 1.0 Transitional//EN"
    "http://www.w3.org/TR/xhtml1/DTD/xhtml1-transitional.dtd">
<html xmlns="http://www.w3.org/1999/xhtml" xml:lang="en" lang="en">
 <head>
  <title>
</title>
<meta http-equiv="Content-Type" content="text/html;charset=utf-8" />
  <meta name='ocr-system' content='tesseract 3.04.00' />
  <meta name='ocr-capabilities' content='ocr_page ocr_carea ocr_par ocr_line ocrx_word'/>
</head>
<body>
  <div class='ocr_page' id='page_1' title='image "./deproprietatequ00haeugoog_0065.png"; bbox 0 0 3086 4680; ppageno 0'>
   <div class='ocr_carea' id='block_1_1' title="bbox 362 1013 951 1164">
    <p class='ocr_par' dir='ltr' id='par_1_1' title="bbox 362 1013 951 1164">
     <span class='ocr_line' id='line_1_1' title="bbox 362 1013 951 1164; baseline 0.007 -4"><span class='ocrx_word' id='word_1_1' title='bbox 362 1099 364 1103; x_wconf 87' lang='lat'>·</span> <span class='ocrx_word' id='word_1_2' title='bbox 468 1139 470 1142; x_wconf 83' lang='lat'>-</span> <span class='ocrx_word' id='word_1_3' title='bbox 623 1013 951 1164; x_wconf 12' lang='lat' dir='ltr'>*Vitas</span> 
     </span>
    </p>
   </div>
   <div class='ocr_carea' id='block_1_2' title="bbox 285 1369 1335 1486">
    <p class='ocr_par' dir='ltr' id='par_1_2' title="bbox 285 1369 1335 1486">
     <span class='ocr_line' id='line_1_2' title="bbox 285 1369 1335 1486; baseline 0.002 -22"><span class='ocrx_word' id='word_1_4' title='bbox 285 1399 438 1467; x_wconf 87' lang='lat' dir='ltr'>Ricardus</span> <span class='ocrx_word' id='word_1_5' title='bbox 472 1400 626 1467; x_wconf 88' lang='lat' dir='ltr'>Haeusler</span> <span class='ocrx_word' id='word_1_6' title='bbox 659 1371 893 1472; x_wconf 71' lang='lat' dir='ltr'>Posnanieusis,</span> <span class='ocrx_word' id='word_1_7' title='bbox 920 1371 948 1467; x_wconf 84' lang='grc'>0</span> <span class='ocrx_word' id='word_1_8' title='bbox 976 1369 1008 1466; x_wconf 93' lang='grc'>(1</span> <span class='ocrx_word' id='word_1_9' title='bbox 1034 1369 1110 1486; x_wconf 78' lang='lat' dir='ltr'><strong>XIII</strong></span> <span class='ocrx_word' id='word_1_10' title='bbox 1139 1385 1209 1468; x_wconf 84' lang='lat' dir='ltr'>Kal.</span> <span class='ocrx_word' id='word_1_11' title='bbox 1240 1399 1335 1466; x_wconf 85' lang='lat' dir='ltr'>Febr.</span> 
     </span>
    </p>
   </div>
   <div class='ocr_carea' id='block_1_3' title="bbox 200 1503 1444 1592">
    <p class='ocr_par' dir='ltr' id='par_1_3' title="bbox 200 1503 1444 1592">
     <span class='ocr_line' id='line_1_3' title="bbox 200 1503 1444 1592; baseline 0.002 -24"><span class='ocrx_word' id='word_1_12' title='bbox 200 1510 291 1569; x_wconf 86' lang='lat' dir='ltr'>natus</span> <span class='ocrx_word' id='word_1_13' title='bbox 315 1523 384 1569; x_wconf 88' lang='lat' dir='ltr'>sum</span> <span class='ocrx_word' id='word_1_14' title='bbox 409 1509 500 1589; x_wconf 89' lang='lat' dir='ltr'>patre</span> <span class='ocrx_word' id='word_1_15' title='bbox 524 1504 676 1587; x_wconf 88' lang='lat' dir='ltr'>Henrioo‚</span> <span class='ocrx_word' id='word_1_16' title='bbox 704 1511 808 1586; x_wconf 85' lang='lat' dir='ltr'>matre</span> <span class='ocrx_word' id='word_1_17' title='bbox 827 1504 943 1570; x_wconf 87' lang='lat' dir='ltr'>Emma</span> <span class='ocrx_word' id='word_1_18' title='bbox 965 1510 1100 1587; x_wconf 87' lang='lat' dir='ltr'>egente</span> <span class='ocrx_word' id='word_1_19' title='bbox 1124 1503 1240 1586; x_wconf 78' lang='lat' dir='ltr'>Klose,</span> <span class='ocrx_word' id='word_1_20' title='bbox 1258 1523 1336 1588; x_wconf 88' lang='lat' dir='ltr'>quos</span> <span class='ocrx_word' id='word_1_21' title='bbox 1441 1585 1444 1592; x_wconf 21' lang='grc' dir='ltr'>Ι</span> 
     </span>
    </p>
   </div>
   <div class='ocr_carea' id='block_1_4' title="bbox 196 1595 1337 1984">
    <p class='ocr_par' dir='ltr' id='par_1_4' title="bbox 196 1595 1337 1984">
     <span class='ocr_line' id='line_1_4' title="bbox 198 1595 1335 1698; baseline 0.001 -28"><span class='ocrx_word' id='word_1_22' title='bbox 198 1616 347 1692; x_wconf 89' lang='lat' dir='ltr'>parentes</span> <span class='ocrx_word' id='word_1_23' title='bbox 365 1607 606 1690; x_wconf 85' lang='lat' dir='ltr'>benignissimos</span> <span class='ocrx_word' id='word_1_24' title='bbox 623 1606 726 1673; x_wconf 91' lang='lat' dir='ltr'>adhuc</span> <span class='ocrx_word' id='word_1_25' title='bbox 742 1609 830 1673; x_wconf 89' lang='lat' dir='ltr'>vivos</span> <span class='ocrx_word' id='word_1_26' title='bbox 841 1609 894 1692; x_wconf 93' lang='lat' dir='ltr'>pio</span> <span class='ocrx_word' id='word_1_27' title='bbox 907 1611 1060 1692; x_wconf 86' lang='lat' dir='ltr'>gratoque</span> <span class='ocrx_word' id='word_1_28' title='bbox 1072 1595 1335 1698; x_wconf 83' lang='lat' dir='ltr'>animoveneror.</span> 
     </span>
     <span class='ocr_line' id='line_1_5' title="bbox 199 1705 1335 1796; baseline 0.001 -22"><span class='ocrx_word' id='word_1_29' title='bbox 199 1705 313 1774; x_wconf 81' lang='lat' dir='ltr'><strong>Fidem</strong></span> <span class='ocrx_word' id='word_1_30' title='bbox 335 1710 484 1794; x_wconf 88' lang='lat' dir='ltr'>profiteor</span> <span class='ocrx_word' id='word_1_31' title='bbox 507 1711 734 1794; x_wconf 86' lang='lat' dir='ltr'>euangelicam.</span> <span class='ocrx_word' id='word_1_32' title='bbox 781 1711 953 1795; x_wconf 89' lang='lat' dir='ltr'>Postquam</span> <span class='ocrx_word' id='word_1_33' title='bbox 982 1717 1130 1796; x_wconf 84' lang='lat' dir='ltr'>parentes</span> <span class='ocrx_word' id='word_1_34' title='bbox 1154 1710 1335 1776; x_wconf 90' lang='lat' dir='ltr'>Berolinum</span> 
     </span>
     <span class='ocr_line' id='line_1_6' title="bbox 196 1801 1337 1899; baseline 0.002 -21"><span class='ocrx_word' id='word_1_35' title='bbox 196 1814 509 1896; x_wconf 88' lang='lat' dir='ltr'>transmigraverunt,</span> <span class='ocrx_word' id='word_1_36' title='bbox 536 1815 568 1878; x_wconf 90' lang='lat' dir='ltr'>in</span> <span class='ocrx_word' id='word_1_37' title='bbox 591 1813 667 1880; x_wconf 91' lang='lat' dir='ltr'>ludo</span> <span class='ocrx_word' id='word_1_38' title='bbox 690 1812 827 1898; x_wconf 85' lang='lat' dir='ltr'>quodam</span> <span class='ocrx_word' id='word_1_39' title='bbox 851 1801 903 1898; x_wconf 87' lang='lat' dir='ltr'>qui</span> <span class='ocrx_word' id='word_1_40' title='bbox 928 1819 1056 1879; x_wconf 86' lang='lat' dir='ltr'>vocatur</span> <span class='ocrx_word' id='word_1_41' title='bbox 1079 1804 1200 1899; x_wconf 85' lang='lat' dir='ltr'>privato</span> <span class='ocrx_word' id='word_1_42' title='bbox 1224 1814 1337 1899; x_wconf 88' lang='lat' dir='ltr'>primis</span> 
     </span>
     <span class='ocr_line' id='line_1_7' title="bbox 196 1903 1337 1984; baseline 0.004 -6"><span class='ocrx_word' id='word_1_43' title='bbox 196 1903 371 1982; x_wconf 86' lang='lat' dir='ltr'>litterarum</span> <span class='ocrx_word' id='word_1_44' title='bbox 402 1917 568 1984; x_wconf 89' lang='lat' dir='ltr'>elementis</span> <span class='ocrx_word' id='word_1_45' title='bbox 595 1917 733 1984; x_wconf 87' lang='lat' dir='ltr'>imbutus</span> <span class='ocrx_word' id='word_1_46' title='bbox 761 1923 913 1984; x_wconf 88' lang='lat' dir='ltr'>autumno</span> <span class='ocrx_word' id='word_1_47' title='bbox 942 1917 1185 1982; x_wconf 82' lang='grc'>0001187410</span> <span class='ocrx_word' id='word_1_48' title='bbox 1212 1923 1337 1984; x_wconf 84' lang='lat' dir='ltr'>sextum</span> 
     </span>
    </p>
   </div>
   <div class='ocr_carea' id='block_1_5' title="bbox 198 2011 1533 2105">
    <p class='ocr_par' dir='ltr' id='par_1_5' title="bbox 198 2011 1533 2105">
     <span class='ocr_line' id='line_1_8' title="bbox 198 2011 1533 2105; baseline 0 -21"><span class='ocrx_word' id='word_1_49' title='bbox 198 2017 342 2084; x_wconf 82' lang='lat' dir='ltr'><strong>ordinem</strong></span> <span class='ocrx_word' id='word_1_50' title='bbox 356 2021 514 2105; x_wconf 84' lang='lat' dir='ltr'>gymnasii</span> <span class='ocrx_word' id='word_1_51' title='bbox 528 2019 612 2103; x_wconf 83' lang='lat' dir='ltr'>quod</span> <span class='ocrx_word' id='word_1_52' title='bbox 623 2019 739 2086; x_wconf 88' lang='lat' dir='ltr'>dieitur</span> <span class='ocrx_word' id='word_1_53' title='bbox 751 2018 1088 2088; x_wconf 87' lang='lat' dir='ltr'>‘Luisenstaedtisohes</span> <span class='ocrx_word' id='word_1_54' title='bbox 1103 2018 1337 2105; x_wconf 79' lang='lat' dir='ltr'>Gymnasium&#39;,</span> <span class='ocrx_word' id='word_1_55' title='bbox 1402 2032 1406 2037; x_wconf 84' lang='grc'><em>·</em></span> <span class='ocrx_word' id='word_1_56' title='bbox 1532 2011 1533 2022; x_wconf 69' lang='grc'>’</span> 
     </span>
    </p>
   </div>
   <div class='ocr_carea' id='block_1_6' title="bbox 195 2115 1413 3448">
    <p class='ocr_par' dir='ltr' id='par_1_6' title="bbox 195 2115 1413 3448">
     <span class='ocr_line' id='line_1_9' title="bbox 199 2115 1369 2208; baseline 0.002 -21"><span class='ocrx_word' id='word_1_57' title='bbox 199 2121 282 2206; x_wconf 90' lang='lat' dir='ltr'>quod</span> <span class='ocrx_word' id='word_1_58' title='bbox 298 2121 359 2186; x_wconf 86' lang='lat' dir='ltr'>-Th</span> <span class='ocrx_word' id='word_1_59' title='bbox 386 2123 507 2205; x_wconf 86' lang='lat' dir='ltr'>Koehii,</span> <span class='ocrx_word' id='word_1_60' title='bbox 532 2125 589 2188; x_wconf 88' lang='lat' dir='ltr'>viri</span> <span class='ocrx_word' id='word_1_61' title='bbox 617 2123 846 2206; x_wconf 79' lang='lat' dir='ltr'>humanissimi,</span> <span class='ocrx_word' id='word_1_62' title='bbox 870 2123 1020 2208; x_wconf 80' lang='lat' dir='ltr'>auspiciis</span> <span class='ocrx_word' id='word_1_63' title='bbox 1043 2121 1162 2204; x_wconf 83' lang='lat' dir='ltr'>floruit,</span> <span class='ocrx_word' id='word_1_64' title='bbox 1190 2129 1337 2208; x_wconf 89' lang='lat' dir='ltr'>receptus</span> <span class='ocrx_word' id='word_1_65' title='bbox 1367 2115 1369 2120; x_wconf 72' lang='grc'><strong>’</strong></span> 
     </span>
     <span class='ocr_line' id='line_1_10' title="bbox 200 2225 1337 2313; baseline 0 -21"><span class='ocrx_word' id='word_1_66' title='bbox 200 2247 279 2292; x_wconf 88' lang='lat' dir='ltr'>sum.</span> <span class='ocrx_word' id='word_1_67' title='bbox 326 2225 515 2292; x_wconf 87' lang='lat' dir='ltr'>Maturitatis</span> <span class='ocrx_word' id='word_1_68' title='bbox 545 2227 761 2292; x_wconf 88' lang='lat' dir='ltr'>testimonium</span> <span class='ocrx_word' id='word_1_69' title='bbox 790 2245 898 2292; x_wconf 89' lang='lat' dir='ltr'>mense</span> <span class='ocrx_word' id='word_1_70' title='bbox 923 2225 1051 2292; x_wconf 82' lang='lat' dir='ltr'>Octobri</span> <span class='ocrx_word' id='word_1_71' title='bbox 1077 2227 1159 2290; x_wconf 84' lang='lat'>1883</span> <span class='ocrx_word' id='word_1_72' title='bbox 1187 2227 1337 2313; x_wconf 90' lang='lat' dir='ltr'>adeptum</span> 
     </span>
     <span class='ocr_line' id='line_1_11' title="bbox 202 2327 1335 2414; baseline -0.001 -21"><span class='ocrx_word' id='word_1_73' title='bbox 202 2348 251 2393; x_wconf 89' lang='lat' dir='ltr'>me</span> <span class='ocrx_word' id='word_1_74' title='bbox 276 2348 347 2394; x_wconf 91' lang='lat' dir='ltr'>cum</span> <span class='ocrx_word' id='word_1_75' title='bbox 372 2330 408 2393; x_wconf 87' lang='lat' dir='ltr'>A.</span> <span class='ocrx_word' id='word_1_76' title='bbox 434 2327 653 2410; x_wconf 85' lang='lat' dir='ltr'>Kirehhoffius,</span> <span class='ocrx_word' id='word_1_77' title='bbox 677 2330 723 2394; x_wconf 91' lang='lat' dir='ltr'>vir</span> <span class='ocrx_word' id='word_1_78' title='bbox 745 2329 1033 2414; x_wconf 86' lang='lat' dir='ltr'>praeclarissimus,</span> <span class='ocrx_word' id='word_1_79' title='bbox 1062 2349 1192 2395; x_wconf 90' lang='lat' dir='ltr'>numero</span> <span class='ocrx_word' id='word_1_80' title='bbox 1222 2330 1335 2394; x_wconf 87' lang='lat' dir='ltr'>civium</span> 
     </span>
     <span class='ocr_line' id='line_1_12' title="bbox 201 2429 1335 2517; baseline -0.001 -20"><span class='ocrx_word' id='word_1_81' title='bbox 201 2433 415 2499; x_wconf 85' lang='lat' dir='ltr'>universitatis</span> <span class='ocrx_word' id='word_1_82' title='bbox 427 2429 611 2498; x_wconf 86' lang='lat' dir='ltr'>Friderioae</span> <span class='ocrx_word' id='word_1_83' title='bbox 624 2431 790 2497; x_wconf 86' lang='lat' dir='ltr'>Guielmae</span> <span class='ocrx_word' id='word_1_84' title='bbox 810 2431 1041 2517; x_wconf 77' lang='lat' dir='ltr'>adsumpsisset,</span> <span class='ocrx_word' id='word_1_85' title='bbox 1060 2438 1209 2515; x_wconf 88' lang='lat' dir='ltr'>quattuor</span> <span class='ocrx_word' id='word_1_86' title='bbox 1221 2431 1335 2499; x_wconf 88' lang='lat' dir='ltr'>deinde</span> 
     </span>
     <span class='ocr_line' id='line_1_13' title="bbox 201 2534 1337 2621; baseline -0.001 -19"><span class='ocrx_word' id='word_1_87' title='bbox 201 2555 301 2602; x_wconf 89' lang='lat' dir='ltr'>annos</span> <span class='ocrx_word' id='word_1_88' title='bbox 325 2535 524 2621; x_wconf 78' lang='lat' dir='ltr'>philologieis</span> <span class='ocrx_word' id='word_1_89' title='bbox 549 2543 583 2602; x_wconf 91' lang='lat' dir='ltr'>et</span> <span class='ocrx_word' id='word_1_90' title='bbox 605 2535 761 2602; x_wconf 81' lang='lat' dir='ltr'>historicis</span> <span class='ocrx_word' id='word_1_91' title='bbox 785 2554 914 2621; x_wconf 87' lang='lat' dir='ltr'>operam</span> <span class='ocrx_word' id='word_1_92' title='bbox 931 2534 1014 2600; x_wconf 89' lang='lat' dir='ltr'>dedi.</span> <span class='ocrx_word' id='word_1_93' title='bbox 1051 2535 1154 2619; x_wconf 86' lang='lat' dir='ltr'>Atque</span> <span class='ocrx_word' id='word_1_94' title='bbox 1169 2537 1202 2600; x_wconf 89' lang='lat' dir='ltr'>in</span> <span class='ocrx_word' id='word_1_95' title='bbox 1220 2534 1337 2602; x_wconf 88' lang='lat' dir='ltr'>scholis</span> 
     </span>
     <span class='ocr_line' id='line_1_14' title="bbox 201 2626 1337 2724; baseline -0.001 -21"><span class='ocrx_word' id='word_1_96' title='bbox 201 2659 252 2704; x_wconf 92' lang='lat' dir='ltr'>me</span> <span class='ocrx_word' id='word_1_97' title='bbox 280 2637 455 2707; x_wconf 86' lang='lat' dir='ltr'>docueruut</span> <span class='ocrx_word' id='word_1_98' title='bbox 476 2637 639 2721; x_wconf 87' lang='lat' dir='ltr'>Bresslau,</span> <span class='ocrx_word' id='word_1_99' title='bbox 663 2637 805 2722; x_wconf 82' lang='lat' dir='ltr'>(hirtius,</span> <span class='ocrx_word' id='word_1_100' title='bbox 828 2626 932 2717; x_wconf 81' lang='lat' dir='ltr'>Dicis,</span> <span class='ocrx_word' id='word_1_101' title='bbox 967 2637 1111 2724; x_wconf 84' lang='lat' dir='ltr'>Dilthey,</span> <span class='ocrx_word' id='word_1_102' title='bbox 1146 2636 1337 2721; x_wconf 75' lang='lat' dir='ltr'>Hirschfeld,</span> 
     </span>
     <span class='ocr_line' id='line_1_15' title="bbox 200 2739 1338 2828; baseline 0.001 -22"><span class='ocrx_word' id='word_1_103' title='bbox 200 2741 363 2828; x_wconf 88' lang='lat' dir='ltr'>Huebner,</span> <span class='ocrx_word' id='word_1_104' title='bbox 402 2740 545 2827; x_wconf 87' lang='lat' dir='ltr'>Kiepert,</span> <span class='ocrx_word' id='word_1_105' title='bbox 584 2744 619 2807; x_wconf 89' lang='grc' dir='ltr'>Α.</span> <span class='ocrx_word' id='word_1_106' title='bbox 656 2739 831 2824; x_wconf 88' lang='lat' dir='ltr'>Kirehhoff,</span> <span class='ocrx_word' id='word_1_107' title='bbox 870 2742 983 2823; x_wconf 85' lang='lat' dir='ltr'>Koser,</span> <span class='ocrx_word' id='word_1_108' title='bbox 1021 2741 1155 2823; x_wconf 86' lang='lat' dir='ltr'>Robert,</span> <span class='ocrx_word' id='word_1_109' title='bbox 1194 2741 1338 2823; x_wconf 86' lang='lat' dir='ltr'>Scherer,</span> 
     </span>
     <span class='ocr_line' id='line_1_16' title="bbox 201 2841 1368 2928; baseline 0.004 -19"><span class='ocrx_word' id='word_1_110' title='bbox 201 2844 241 2910; x_wconf 89' lang='lat' dir='ltr'>dc</span> <span class='ocrx_word' id='word_1_111' title='bbox 270 2843 484 2927; x_wconf 83' lang='lat' dir='ltr'>Treitschke,</span> <span class='ocrx_word' id='word_1_112' title='bbox 506 2843 645 2927; x_wconf 77' lang='lat' dir='ltr'>Vahlen,</span> <span class='ocrx_word' id='word_1_113' title='bbox 686 2842 908 2927; x_wconf 81' lang='lat' dir='ltr'>Waltenhaoh,</span> <span class='ocrx_word' id='word_1_114' title='bbox 949 2841 1066 2927; x_wconf 88' lang='lat' dir='ltr'>Weiss,</span> <span class='ocrx_word' id='word_1_115' title='bbox 1104 2843 1337 2928; x_wconf 79' lang='lat' dir='ltr'>Weiusaeeker‚</span> <span class='ocrx_word' id='word_1_116' title='bbox 1367 2911 1368 2914; x_wconf 74' lang='grc'>,</span> 
     </span>
     <span class='ocr_line' id='line_1_17' title="bbox 199 2945 1339 3033; baseline -0.001 -19"><span class='ocrx_word' id='word_1_117' title='bbox 199 2948 311 3015; x_wconf 84' lang='grc' dir='ltr'>Ζο11οι·.</span> <span class='ocrx_word' id='word_1_118' title='bbox 357 2948 526 3013; x_wconf 89' lang='lat' dir='ltr'>Praeterea</span> <span class='ocrx_word' id='word_1_119' title='bbox 548 2945 590 3012; x_wconf 90' lang='lat' dir='ltr'>ad</span> <span class='ocrx_word' id='word_1_120' title='bbox 613 2948 857 3014; x_wconf 75' lang='lat' dir='ltr'>exercitationes</span> <span class='ocrx_word' id='word_1_121' title='bbox 880 2947 1088 3033; x_wconf 75' lang='lat' dir='ltr'>philologicos</span> <span class='ocrx_word' id='word_1_122' title='bbox 1113 2947 1272 3032; x_wconf 85' lang='lat' dir='ltr'>Huebuer,</span> <span class='ocrx_word' id='word_1_123' title='bbox 1297 2948 1339 3016; x_wconf 86' lang='lat' dir='ltr'>ad</span> 
     </span>
     <span class='ocr_line' id='line_1_18' title="bbox 201 3047 1338 3138; baseline -0.001 -20"><span class='ocrx_word' id='word_1_124' title='bbox 201 3051 422 3138; x_wconf 86' lang='lat' dir='ltr'>epigraphioas</span> <span class='ocrx_word' id='word_1_125' title='bbox 446 3047 616 3134; x_wconf 87' lang='lat' dir='ltr'>Kirohhoff,</span> <span class='ocrx_word' id='word_1_126' title='bbox 644 3050 686 3116; x_wconf 89' lang='grc'>01</span> <span class='ocrx_word' id='word_1_127' title='bbox 709 3051 877 3118; x_wconf 83' lang='lat' dir='ltr'>historicas</span> <span class='ocrx_word' id='word_1_128' title='bbox 900 3050 1090 3133; x_wconf 87' lang='lat' dir='ltr'>Hirschfeld,</span> <span class='ocrx_word' id='word_1_129' title='bbox 1117 3051 1338 3134; x_wconf 79' lang='lat' dir='ltr'>wattenbach,</span> 
     </span>
     <span class='ocr_line' id='line_1_19' title="bbox 195 3153 1338 3238; baseline 0 -16"><span class='ocrx_word' id='word_1_130' title='bbox 195 3153 423 3234; x_wconf 45' lang='lat' dir='ltr'>,Weiusaeeker</span> <span class='ocrx_word' id='word_1_131' title='bbox 435 3154 557 3221; x_wconf 86' lang='lat' dir='ltr'>aditum</span> <span class='ocrx_word' id='word_1_132' title='bbox 571 3154 707 3238; x_wconf 86' lang='lat' dir='ltr'>benigue</span> <span class='ocrx_word' id='word_1_133' title='bbox 720 3155 795 3220; x_wconf 89' lang='lat' dir='ltr'>mihi</span> <span class='ocrx_word' id='word_1_134' title='bbox 810 3161 1048 3237; x_wconf 83' lang='lat' dir='ltr'>concesserunt3</span> <span class='ocrx_word' id='word_1_135' title='bbox 1067 3156 1179 3238; x_wconf 90' lang='lat' dir='ltr'>quibus</span> <span class='ocrx_word' id='word_1_136' title='bbox 1191 3155 1338 3222; x_wconf 86' lang='lat' dir='ltr'>omnibus</span> 
     </span>
     <span class='ocr_line' id='line_1_20' title="bbox 201 3245 1413 3344; baseline 0.001 -19"><span class='ocrx_word' id='word_1_137' title='bbox 201 3259 241 3325; x_wconf 88' lang='lat' dir='ltr'>de</span> <span class='ocrx_word' id='word_1_138' title='bbox 264 3259 376 3328; x_wconf 83' lang='lat' dir='ltr'>sturliis</span> <span class='ocrx_word' id='word_1_139' title='bbox 400 3260 479 3325; x_wconf 90' lang='lat' dir='ltr'>meis</span> <span class='ocrx_word' id='word_1_140' title='bbox 503 3259 622 3343; x_wconf 92' lang='lat' dir='ltr'>optime</span> <span class='ocrx_word' id='word_1_141' title='bbox 646 3259 766 3326; x_wconf 87' lang='lat' dir='ltr'>meritis</span> <span class='ocrx_word' id='word_1_142' title='bbox 785 3245 906 3342; x_wconf 75' lang='lat' dir='ltr'>¹gratias</span> <span class='ocrx_word' id='word_1_143' title='bbox 930 3279 990 3340; x_wconf 88' lang='lat' dir='ltr'>ago</span> <span class='ocrx_word' id='word_1_144' title='bbox 1010 3279 1198 3344; x_wconf 86' lang='lat' dir='ltr'>semperque</span> <span class='ocrx_word' id='word_1_145' title='bbox 1214 3258 1338 3327; x_wconf 85' lang='lat' dir='ltr'>habebo</span> <span class='ocrx_word' id='word_1_146' title='bbox 1410 3321 1413 3326; x_wconf 90' lang='lat'>.</span> 
     </span>
     <span class='ocr_line' id='line_1_21' title="bbox 202 3355 483 3448; baseline -0.011 -19"><span class='ocrx_word' id='word_1_147' title='bbox 202 3384 296 3448; x_wconf 88' lang='lat' dir='ltr'>quam</span> <span class='ocrx_word' id='word_1_148' title='bbox 320 3355 483 3448; x_wconf 74' lang='lat' dir='ltr'>plurimae.</span> 
     </span>
    </p>
   </div>
   <div class='ocr_carea' id='block_1_7' title="bbox 0 0 1551 4680">
    <p class='ocr_par' dir='ltr' id='par_1_7' title="bbox 0 0 1551 4680">
     <span class='ocr_line' id='line_1_22' title="bbox 0 0 1551 4680; baseline 0 0"><span class='ocrx_word' id='word_1_149' title='bbox 0 0 1551 4680; x_wconf 95' lang='lat' dir='ltr'> </span> 
     </span>
    </p>
   </div>
  </div>
 </body>
</html>
