3086 4680
649 240 857 301 729*-

188 429 212 491 αἱ
241 429 410 512 μηδίσαντες
437 419 625 502 ξυνελθόντες
660 429 833 501 ἐπυλίτευον,
863 429 887 488 οἱ
915 426 945 490 δέ
974 417 1180 498 ὑπεξελθόντες
1206 423 1320 491 τοότους

187 536 235 597 καὶ
257 537 335 604 ὄντες
359 537 482 622 φυηάδες
506 537 552 598 τὸν
576 535 703 620 Πάχητα
726 535 873 616 ἐπάηονται
929 532 1031 616 Saepe
1059 538 1162 594 autem
1193 528 1232 591 de
1255 535 1319 591 toto

187 642 250 704 iam
275 639 394 722 aliquid
417 639 534 704 dietum
553 646 611 719 est,
637 638 751 703 deinde
768 647 872 722 partes
889 637 1046 701 adduntur
1062 637 1115 714 ita,
1141 639 1175 699 ut
1194 633 1319 716 partiei-

188 741 304 826 pialem
333 741 466 806 formam
493 741 641 822 induant,
670 741 756 804 velut
782 743 813 804 in
844 740 959 805 Herod.
984 738 1010 818 Ι,
1036 739 1112 802 192:
1145 739 1220 798 ἵπποι
1243 737 1274 797 δέ
1297 735 1322 796 οἱ

189 847 275 908 αυτοῦ
298 847 373 929 ἦσαν
397 847 452 928 ἰδίη
477 883 515 890 —-
542 848 567 908 οἱ
590 845 641 928 μὲν
664 845 861 928 ἀναβαίνοντες
884 847 936 914 τάς
959 845 1072 926 θηλέας
1099 845 1265 916 ὀκτακόσιοι,
1294 841 1323 901 αί

188 951 220 1014 δὲ
243 951 403 1034 βαινόμεναι
426 941 611 1037 ἑξακισχίλιαι
634 952 681 1013 καί
704 953 804 1038 μύριαι.
854 949 967 1013 Verum
992 949 1017 1012 si
1041 956 1138 1012 totum
1167 948 1200 1011 in
1223 967 1321 1010 enun-

189 1057 266 1120 tiato
290 1056 438 1139 primario
463 1076 524 1120 non
550 1057 684 1139 primum
708 1076 816 1119 casum
842 1055 972 1133 obtinet,
996 1063 1102 1118 tamen
1120 1053 1209 1135 qnasi
1225 1070 1328 1130 agens

190 1157 393 1238 cogitandum
419 1167 480 1236 est,
509 1167 679 1240 sequuntur
704 1179 802 1242 saepe
825 1167 945 1242 partes,
974 1158 999 1220 si
1027 1155 1170 1236 singulae
1194 1174 1322 1217 enume-

189 1270 308 1340 rantur,
332 1281 394 1324 non
418 1260 529 1326 eodem
554 1281 628 1326 oasu
646 1259 818 1344 praeditae,
842 1258 898 1325 sed
915 1260 1073 1343 aooipiont
1095 1257 1322 1322 nominativum

192 1363 338 1428 similiter
364 1370 459 1446 atque
488 1363 570 1428 huno
598 1383 705 1428 oasum
736 1362 886 1427 exhibent
908 1361 1055 1446 exempla
1082 1361 1174 1445 primi
1198 1357 1344 1438 generis'

191 1465 246 1547 (of.
271 1485 301 1549 p.
325 1467 365 1528 21
391 1467 471 1548 sq.);
507 1485 568 1548 qua
596 1487 629 1528 re
660 1466 754 1529 distat
777 1465 828 1528 hie
851 1465 927 1529 ordo
951 1465 1060 1528 tertius
1083 1464 1122 1528 ab
1147 1463 1264 1546 primo,
1292 1459 1324 1522 id

191 1573 249 1648 est,
273 1565 357 1650 qnod
380 1577 485 1652 partes
509 1569 573 1632 fere
597 1588 658 1633 non
682 1570 849 1653 participio
873 1568 940 1632 solo
964 1575 1100 1647 utuntur,
1129 1565 1185 1630 sed
1208 1584 1322 1628 nomen

192 1669 241 1734 vel
264 1689 458 1753 praenomen
474 1669 616 1735 additum
634 1671 759 1751 habent,
785 1679 818 1735 nt
832 1670 1032 1755 participium
1049 1671 1151 1754 ipsum
1172 1675 1325 1752 appareat

191 1792 254 1847 non
278 1773 431 1853 solutum3
455 1775 543 1838 onius
566 1775 610 1838 rei
635 1781 681 1838 est
705 1775 883 1857 exemplum
906 1773 1203 1838 luculentissimum:
1229 1771 1325 1832 καὶτὰ

192 1878 253 1964 περί
276 1877 374 1940 Πάλον
399 1877 444 1940 ὑπ’
469 1882 639 1966 ἀμφοτέρων
662 1882 736 1942 κατά
764 1886 867 1966 κράτος
896 1880 1069 1960 ἐπολεμεῖτο,
1094 1878 1246 1959 Ἀθηναῖοι
1274 1874 1324 1957 μὲν

191 1984 266 2044 δυοῖν
288 1984 423 2046 ἐναντίαιν
447 1985 490 2046 ἀεὶ
512 1985 564 2068 την
587 1985 675 2067 νησον
690 1985 885 2070 περιπλέοντες
899 1992 953 2067 της
968 1986 1087 2069 ἡμέρας,
1105 1983 1326 2064 Πελοποννήσιοι

193 2087 225 2152 δέ
239 2089 268 2151 ἐν
282 2089 320 2173 τη
335 2092 442 2176 ἠπείρῳ
459 2091 741 2178 στρατοπεδευόμενοι
756 2091 803 2151 καί
818 2090 981 2177 προσβολάς
996 2089 1152 2170 ποιούμενοι
1171 2086 1211 2172 παρ’
1231 2090 1323 2172 τείχει.

193 2193 305 2276 (Thuo.
321 2194 373 2277 lV,
390 2197 442 2276 23,
458 2197 506 2278 2.)
548 2193 682 2260 Nomine
706 2196 822 2260 omisso
847 2195 906 2258 hoe
930 2196 1057 2260 tertium
1082 2213 1181 2274 genus
1197 2194 1326 2276 propius

191 2298 316 2361 aoeedit
349 2297 388 2362 ad
425 2299 575 2382 primnm3
610 2299 656 2362 sio
690 2296 938 2378 intellegendum
972 2304 1020 2360 est
1047 2295 1142 2360 Thuo.
1166 2294 1217 2359 IV.
1249 2296 1324 2357 108:

191 2401 239 2462 καί
262 2403 315 2487 ηάρ
338 2401 385 2462 καί
408 2402 488 2464 ἄδεια
511 2402 639 2486 ἐφαίνετο
669 2401 771 2473 αὐτοῖς,
801 2401 981 2484 ἐψευσμένοις
1009 2398 1059 2482 μέν
1087 2402 1141 2481 της
1159 2399 1326 2480 Ἀθηναίων

191 2507 341 2587 δυνάμεως
364 2507 407 2568 ἐπί
430 2513 562 2568 τοσοῦτον
586 2507 640 2588 όση
665 2506 780 2591 ίιστερον
804 2506 933 2588 διεφάνη,
964 2505 995 2566 τό
1024 2503 1055 2565 δέ
1083 2505 1169 2564 πλέον
1193 2502 1327 2585 βουλήσει

191 2613 332 2696 κρίνοντες
360 2615 465 2697 ἀσαφεῖ
494 2633 513 2694 η
542 2612 657 2697 προνοίᾳ
686 2611 820 2695 ἀσφαλεῖ.
854 2659 860 2671 .
887 2658 893 2672 ,
940 2607 1027 2673 Haeo
1055 2607 1212 2690 appositio
1247 2625 1327 2688 quae

195 2723 324 2780 voeatur
347 2715 546 2780 distributiva
569 2715 706 2780 ooourrit
721 2715 761 2778 ab
779 2713 906 2778 Homeri
923 2714 1070 2794 aetate¹),
1095 2710 1151 2775 sed
1174 2711 1327 2790 ilienses,

193 2838 255 2901 quo
278 2829 343 2882 tam
359 2819 457 2882 libere
474 2825 581 2902 partes
597 2815 756 2881 adduntur
772 2836 865 2898 qnam
882 2817 913 2879 in
931 2815 1026 2880 Thoe.
1040 2814 1090 2894 iV,
1106 2815 1158 2894 23,
1175 2817 1194 2876 2
1217 2813 1258 2894 (ν.
1275 2813 1327 2895 s),

193 2941 266 2985 raro
296 2927 399 2986 exstat
426 2919 510 3006 apud
539 2925 650 3004 poetas
678 2929 772 3002 atque
800 2919 955 3001 imprimis
984 2919 1117 2982 orationi
1142 2937 1255 3000 prosae
1278 2915 1328 2980 vel

195 3024 332 3088 sermoni
363 3023 481 3104 vulgari
509 3020 695 3087 tribuendos
733 3030 788 3086 est.
835 3020 903 3096 Qua
937 3040 1007 3084 oum
1043 3041 1076 3084 re
1110 3019 1142 3082 id
1176 3019 1328 3098 congruit,

196 3125 280 3209 quod
303 3125 358 3190 illa
381 3126 529 3209 exempla
551 3125 635 3209 apud
659 3131 770 3208 poetas
794 3125 922 3186 inventa
949 3124 980 3186 in
1010 3124 1055 3186 eis
1083 3121 1232 3185 orationis
1257 3141 1328 3204 par-

195 3227 279 3293 tibus
303 3229 457 3310 leguntur,
482 3229 532 3292 nbi
556 3228 723 3310 loquuntur
747 3227 890 3290 homines
914 3225 953 3290 de
976 3226 1083 3309 plebe:
1126 3225 1178 3288 Sio
1202 3224 1328 3286 nuntius

196 3330 323 3415 quidam
348 3331 443 3395 refert
466 3330 560 3414 δορὴ.
586 3332 658 3394 Ant.
683 3331 761 3392 259:

404 3435 481 3516 λόηοι
504 3431 528 3496 δ’
543 3433 572 3494 ἐν
596 3433 765 3516 ἀλλήλοισιν
788 3432 926 3518 ἐρρόθουν
947 3431 1038 3505 κακοί,

407 3528 504 3625 φύλαξ
529 3539 656 3622 ἐλέηχων
680 3539 806 3623 φύλακα.

197 3643 298 3707 Simili
322 3643 416 3709 modo
441 3651 547 3707 narrat
569 3643 695 3706 nuntius
720 3641 836 3706 Phoen.
862 3642 960 3703 1462:

406 3736 497 3828 ἀνῇξε
519 3747 545 3808 δ’
559 3747 646 3831 ὀρθὸς
668 3746 741 3814 λαός
764 3747 803 3813 εἰς
826 3745 881 3830 ἔριν
904 3745 1007 3826 λόμον,

405 3851 488 3934 ἡμεῖς
511 3849 561 3933 μέν
585 3850 625 3919 ὡς
647 3857 767 3912 νικῶντα
789 3851 927 3932 δεσπότην
951 3851 1028 3930 ἐμόν,

405 3957 430 4018 oi
452 3954 477 4018 δ’
492 3956 532 4026 όις
554 3956 667 4018 ἐκεῖνον.

198 4087 404 4094 -———...

287 4143 310 4207 ¹)
331 4143 447 4198 Classen
467 4143 646 4196 Homerieehe
667 4114 899 4208 Beobaolrtungea
920 4158 944 4209 p.
969 4142 1023 4193 135.
