3086 4680
671 275 911 360 -ta-'

211 481 332 548 tanturn
358 485 461 550 attulit
484 483 677 566 offensionis
701 493 735 549 ut
758 483 899 550 nonnulli
924 481 1057 549 mallent
1079 483 1161 545 ἰδόντι
1179 503 1235 570 pru
1251 481 1345 544 ἰδόντα

211 588 358 654 scribere.
369 591 392 672 ¹)
452 589 596 674 Denique
635 591 796 656 notionem
838 587 994 655 sentiendi
1033 589 1211 653 universam
1250 586 1345 651 hahet

211 692 341 757 verbum
369 695 471 777 (ἰδεῖν),
506 694 590 778 quod
624 694 813 780 participiali
850 695 951 760 forma
983 692 1127 758 indutum
1163 691 1345 774 adiungitur

211 799 386 864 sententiae
410 799 625 884 praecedenti,
648 808 682 864 ut
698 798 749 864 hic
765 799 852 864 locus
870 806 953 864 totus
972 818 1069 882 prope
1085 797 1167 862 absit
1183 817 1202 861 a
1218 795 1343 876 ceteris,

211 921 289 984 quos
313 921 352 966 ex
375 903 535 989 Aeschylo
559 903 823 989 deprompsimus.
1110 969 1112 974 ,

297 1004 368 1070 Alia
391 1007 539 1093 exempla
561 1028 624 1073 nou
648 1005 936 1092 deprehenduntur,
961 1007 991 1070 in
1016 1005 1129 1089 quihus
1145 992 1344 1069 accusativus

211 1109 367 1195 participii
391 1111 528 1176 numinis
552 1109 658 1176 dativo
681 1117 746 1175 tem
763 1109 964 1192 singulariter
980 1107 1123 1173 adnexus
1140 1114 1188 1172 est
1235 1105 1345 1172 Restat

210 1232 285 1295 ergo
300 1213 333 1278 in
349 1212 515 1300 Sophoclis
531 1213 646 1279 fabulis
664 1235 771 1294 unum,
796 1212 878 1296 quod
896 1213 990 1277 hahet
1005 1212 1092 1276 illam
1109 1209 1342 1275 anacoluthiam

211 1315 270 1382 hoc
292 1336 355 1381 uno
379 1316 448 1382 loco
471 1322 606 1403 excepto
622 1321 843 1383 tautummodo
860 1314 944 1401 apud
962 1313 1155 1400 Aeschylum
1171 1315 1342 1378 inventam.

210 1418 274 1484 Sed
297 1421 412 1503 quain
436 1420 545 1486 fabula
567 1426 671 1486 exstat
694 1419 744 1484 hic
766 1439 846 1485 uuus
873 1418 962 1484 locus
985 1417 1201 1502 Sophocleus?
1236 1419 1268 1480 in
1296 1436 1344 1496 ea,

210 1542 303 1605 qnam
338 1523 511 1609 Sophocles
545 1525 590 1589 ita
625 1525 817 1608 composuit,
852 1531 886 1588 ut
919 1523 1092 1608 respiceret
1125 1521 1165 1586 ad
1195 1519 1344 1605 Aeschyli

211 1624 429 1710 Ghoephoros,
463 1626 534 1692 dico
558 1625 718 1693 Electram
750 1626 904 1708 fabulam,
938 1646 1019 1710 quae
1048 1626 1108 1690 lert
1137 1625 1269 1708 vestigia
1303 1622 1344 1688 ad

211 1729 403 1815 Aeschylum
427 1729 651 1816 spectarrtia,²)
674 1731 733 1796 etsi
757 1751 820 1796 non
843 1741 908 1795 tarn
933 1731 1101 1815 perspicua
1117 1749 1209 1812 quam
1233 1727 1345 1811 quibus

209 1832 396 1915 intelligitur
410 1831 577 1920 Euripides
600 1835 633 1899 in
656 1854 713 1899 sua
727 1833 856 1899 Electra
870 1853 1027 1899 summum
1043 1840 1170 1917 poetam
1190 1832 1344 1913 tragicum

210 1937 408 2003 recensuisse
431 1944 526 2021 atque
549 1936 800 2022 reprehendisse.

295 2039 404 2124 ltaque
427 2061 478 2106 me
502 2060 564 2106 uon
588 2060 722 2126 peccare
745 2041 902 2122 existimo,
926 2042 952 2106 si
969 2038 1127 2106 contendo
1143 2038 1344 2124 Sophoclem,

210 2162 282 2208 cum
305 2141 337 2207 id
361 2144 518 2209 canticum
543 2149 762 2227 componeret,
797 2141 881 2226 quod
909 2142 993 2208 hunc
1020 2143 1192 2208 accusativi
1216 2141 1344 2227 partici-

210 2245 303 2330 pialis
337 2266 427 2312 usum
466 2244 658 2329 singularem
695 2244 803 2328 hahet,
842 2245 927 2311 illius
964 2245 1113 2311 dictionis
1148 2244 1346 2330 Aeschyleae

212 2349 393 2415 meminisse
415 2356 509 2434 atque
533 2347 667 2414 eandem
692 2349 752 2413 sihi
775 2349 937 2415 licentiam
961 2349 1142 2434 permisisse
1165 2350 1209 2413 ita
1228 2356 1346 2428 tamen,

209 2459 337 2518 uttam
360 2453 526 2538 aptissime
549 2459 725 2538 usurparet.
772 2452 819 2518 De
842 2453 1020 2518 imitatione
1045 2460 1150 2518 autem
1178 2471 1215 2516 eo
1244 2453 1346 2534 magis

210 2563 315 2638 potest
348 2556 494 2638 cogitari,
529 2556 602 2639 quia
631 2554 803 2640 Sophocles
832 2557 1013 2639 ceteroquin
1050 2575 1112 2620 non
1146 2563 1211 2619 taur
1247 2554 1346 2619 libere

212 2676 305 2740 quum
329 2657 383 2722 alii
413 2659 590 2744 scriptores
610 2658 812 2744 participium
848 2659 1019 2742 usurpavit.
1066 2655 1147 2722 Nam
1182 2678 1222 2721 ne
1257 2657 1345 2722 illurn

213 2760 339 2844 quidem
378 2781 469 2826 usum
507 2762 703 2846 frequentem
738 2781 835 2847 saepe
869 2761 1011 2842 exhibet,
1050 2782 1111 2845 quc
1148 2762 1346 2826 accusativus

210 2863 371 2950 participii
405 2870 510 2930 exstat
541 2865 696 2931 infinitivo
724 2867 859 2931 iunctus.
905 2864 1028 2930 Deinde
1063 2867 1088 2931 si
1124 2864 1208 2930 huhc
1240 2864 1346 2929 locum

212 2965 423 3051 Sophocleum
448 2966 846 3051 (murmuriosae
871 2967 1087 3053 (Aeschyleis)
1113 2986 1346 3053 comparamus,

211 3071 413 3156 perspicuum
449 3078 497 3137 est
530 3072 725 3158 Aeschyleos
759 3073 847 3156 quasi
885 3073 1025 3157 speeiem
1063 3082 1156 3156 atque
1190 3073 1346 3153 imagines

210 3174 362 3240 obtulisse
384 3174 477 3241 huius
500 3171 711 3260 proprietatis.
759 3174 927 3241 Praeterea
950 3175 1080 3239 minime
1104 3184 1152 3240 est
1172 3176 1297 3258 mirum,
1319 3175 1347 3240 si

211 3276 400 3362 Sophoclem
424 3277 466 3342 ad
489 3278 570 3343 alios
593 3279 763 3363 scriptores
788 3265 1006 3364 respicientem
1032 3278 1185 3360 videmus,
1208 3276 1241 3342 id
1263 3277 1347 3361 quod

210 3381 336 3465 saepius
360 3380 451 3460 fecit3
475 3400 548 3445 narn
573 3399 614 3446 ne
636 3381 708 3446 illos
731 3379 857 3464 quidem
882 3381 969 3446 locos
993 3380 1033 3446 ad
1050 3379 1244 3446 Herodotum
1267 3401 1346 3466 opus

211 3490 391 3567 spectantes
422 3483 622 3568 aSophocle
656 3503 727 3550 esse
762 3483 990 3550 abiudicandos
1024 3484 1219 3567 existimus>
1257 3483 1347 3549 huius

211 3587 295 3652 enim
320 3594 432 3672 poetae
456 3587 552 3654 luisse
574 3586 699 3653 videtur
729 3586 788 3653 hoc
822 3586 916 3653 modu
951 3607 1025 3654 suus
1063 3588 1182 3653 amicos
1216 3595 1248 3653 et
1281 3607 1346 3670 eos,

210 3709 288 3774 quos
312 3691 418 3773 magni
442 3690 589 3774 iaciebat,
613 3691 718 3757 colere
741 3698 836 3775 atque
860 3693 1014 3758 venerari.
1049 3689 1145 3757 Porro
1169 3699 1218 3757 est
1233 3697 1345 3756 notan·

296 3948 317 4017 1)
336 3949 364 4003 id
383 3949 529 4018 quodiam
547 3949 693 4020 proposuit
711 3948 867 4004 'l'riclinius

296 4035 319 4103 2)
337 4034 369 4092 0.
389 4033 510 4107 Gruppe,
530 4035 655 4090 Ariadne
675 4038 687 4089 l
708 4033 736 4091 ff.

296 4121 318 4187 θ)
338 4119 490 4185 Kirchhoff,
503 4121 571 4175 tiber
581 4120 626 4174 die
636 4120 882 4188 Entstehungsaeit
893 4121 942 4174 des
953 4121 1162 4176 Horoduteisch.
1173 4120 1347 4178 Gesehiehts·

210 4207 323 4260 wurlres.
362 4208 436 4270 1878,
455 4223 473 4276 p
493 4207 516 4261 8.
