3086 4680
629 216 923 282 243...

173 404 257 474 Pers.
281 406 358 490 890,
382 402 429 473 ΕΙ.
452 409 543 490 479,-.
559 408 622 474 iam
652 428 747 495 supra
775 407 821 494 (p.
846 407 899 493 10)
929 406 1072 474 vidimus.
1117 407 1210 494 Apud
1233 405 1298 473 Ho-

173 529 292 576 merum
327 510 367 576 de
400 513 491 579 tertio
525 511 660 596 quodam
689 510 820 595 dicitur,
854 510 938 598 apud
965 510 1159 598 Aeschylum
1186 516 1220 578 et
1241 510 1299 576 So-

171 613 318 700 phoclem
343 634 481 701 persona
507 635 571 682 una
597 616 772 701 eademque
798 615 839 683 de
866 636 900 683 se
927 617 999 701 ipsa
1032 616 1180 700 loquitor3
1214 612 1300 700 apud

171 716 358 801 Homerum,
385 738 457 784 cum
485 720 552 787 eius
579 727 682 786 aetate
711 727 867 787 structura
888 720 1026 802 genetivi
1049 719 1186 786 absoluti
1209 719 1298 802 quasi

175 827 366 906 nasceretur,
389 822 567 906 genetivum
589 825 768 888 λευσσόντων
791 821 832 888 ad
854 823 947 907 θυμὸς
969 821 1085 888 referre
1112 821 1215 905 licuit,
1242 820 1300 887 sed

173 926 296 992 etiamsi
318 926 367 993 his
389 926 468 994 locis
491 927 562 1011 (dh.
576 930 649 1012 399,
673 929 759 996 Pers.
773 930 846 1011 890,
868 927 918 994 El.
930 927 1008 1013 479)
1030 948 1071 994 ex
1086 927 1299 1010 grammaticis

170 1026 294 1114 legibus
317 1031 497 1113 genetivum
520 1052 559 1097 ex
581 1031 794 1118 praecedente
816 1032 1011 1099 substantivo
1035 1030 1136 1114 (velut
1154 1033 1230 1118 atq
1249 1031 1300 1096 vel

172 1133 294 1225 θράσος)
316 1155 411 1223 posse
427 1136 572 1224 pendere
589 1159 657 1205 non
679 1149 729 1206 ert
742 1137 942 1222 negandum,
964 1144 1071 1204 tamen
1092 1141 1185 1204 tenor
1206 1144 1300 1222 atque

172 1241 259 1308 color
280 1242 376 1308 totius
398 1241 460 1309 loci
483 1242 597 1312 obstat.
641 1242 710 1310 Hoc
733 1245 819 1310 enim
841 1241 936 1310 modo
966 1243 993 1308 si
1019 1243 1176 1329 participii
1203 1262 1300 1327 gene·

171 1345 253 1410 tivus
276 1363 346 1411 eum
370 1347 498 1412 nomine
520 1345 731 1432 praecedente
754 1353 979 1430 conecteretur,
1002 1344 1084 1412 duae
1107 1346 1247 1413 actiones
1269 1352 1301 1412 et

173 1447 323 1514 audiendi
346 1456 378 1515 et
399 1448 555 1516 tremendi
578 1450 627 1516 vel
642 1449 801 1534 gaudendi
816 1450 912 1517 simili
932 1448 1153 1516 divellerentur
1168 1450 1299 1533 ratione,

174 1570 235 1636 qua
256 1553 401 1636 genetivo
424 1553 570 1622 absoluto
592 1555 711 1640 posito;
737 1573 811 1620 nam
834 1559 899 1618 tum
924 1573 988 1624 non
1010 1553 1113 1619 miuus
1136 1551 1300 1620 recederet

173 1656 376 1741 participium
399 1656 439 1722 ab
461 1657 586 1723 actione
608 1657 773 1743 primaria,
801 1677 935 1742 quacum
963 1657 1119 1724 artissime
1142 1655 1299 1740 cohaeret,

172 1759 256 1842 quia,
279 1767 313 1824 ut
328 1760 508 1846 exemplum
523 1781 650 1848 ponam,
673 1781 789 1828 nomen
805 1761 1036 1828 substantivum
1057 1763 1127 1849 κέαρ
1149 1768 1181 1828 et
1202 1780 1299 1844 gene·

171 1865 252 1932 tivus
279 1865 422 1936 κλυοὺσας
448 1886 544 1933 unam
571 1867 731 1934 notionem
759 1866 914 1946 iacerent3
949 1886 1030 1951 quae
1063 1869 1143 1933 ratio
1173 1864 1299 1932 dicendi

172 1969 264 2038 nimis
287 1969 444 2037 redoleret
464 1991 592 2058 prosam
615 1972 788 2040 orationem
811 1977 904 2056 atque
920 1972 1013 2037 nimis
1031 1972 1186 2056 exquisita
1206 1977 1297 2038 esset.

170 2071 278 2158 Itaque
300 2073 341 2140 de
362 2075 507 2156 genetivo
530 2074 675 2141 absoluto
698 2094 760 2140 non
784 2079 832 2141 est
854 2073 1067 2158 cogitandum.
1262 2079 1264 2084 ’

257 2175 305 2242 De
333 2177 525 2243 nominativo
554 2176 671 2261 soluto,
698 2178 751 2262 qui
778 2198 817 2243 ex
845 2178 1018 2245 rationibus
1040 2178 1150 2261 logicis
1173 2176 1297 2243 deside·

171 2286 266 2363 ratur,
290 2281 368 2348 satis
392 2278 457 2346 dixi
479 2282 573 2367 p403
597 2301 690 2366 quem
707 2300 814 2348 casum
831 2282 995 2347 restituere
1011 2279 1218 2347 dubitandum
1241 2287 1298 2347 est

255 2383 363 2468 ltaque
386 2404 516 2451 necesse
539 2391 587 2451 est
609 2384 826 2451 abstineamus
849 2403 1045 2469 quacumque
1073 2385 1245 2450 mutatione
1267 2390 1300 2448 et

169 2488 382 2556 accusativum
405 2489 439 2554 in
461 2494 548 2556 textu
571 2489 793 2573 relinquamus.

698 2715 770 2794 §a

255 2867 337 2946 Quid
359 2887 433 2951 ergo
454 2869 519 2934 iam
542 2867 722 2935 faciendum
745 2867 815 2935 est?
849 2865 959 2952 Neque
981 2867 1179 2935 accusativus
1199 2868 1296 2953 parti·

169 2973 245 3058 cipii
267 2973 365 3040 tribus
387 2972 465 3039 loeis
485 2970 555 3057 (Oh.
568 2973 641 3055 399,
656 2969 706 3038 El.
717 2973 793 3056 479,
809 2970 893 3040 Pers.
908 2972 984 3057 890)
1007 2977 1073 3039 tam
1096 2961 1306 3054 singulariter

168 3076 289 3162 positus
312 3096 369 3162 per
390 3076 567 3159 analogiam
590 3075 718 3142 illorum
740 3095 903 3159 generum,
926 3095 1006 3160 quae
1028 3077 1061 3141 in
1083 3077 1187 3162 priore
1208 3084 1299 3162 parte

169 3178 438 3264 perlustravimus,
461 3178 634 3246 illustratur
656 3179 706 3244 vel
728 3177 917 3264 explicatur,
947 3199 1048 3263 neque
1069 3178 1144 3244 licet
1166 3197 1296 3246 accusa·

168 3283 266 3348 tivum
289 3282 466 3349 absolutum
493 3301 563 3349 esse
591 3288 729 3348 statuere
756 3289 810 3348 aut
836 3281 923 3347 illam
950 3279 1169 3348 difficultatem
1198 3283 1295 3348 corri-

168 3384 273 3469 gendo
295 3385 416 3453 tollere.

255 3479 319 3557 Sed
341 3491 405 3556 iam
428 3487 663 3571 demonstrabo,
686 3486 843 3572 quomodo
866 3487 1058 3572 singularem
1086 3488 1175 3554 illum
1202 3508 1296 3555 accu-

168 3595 302 3660 sativum
318 3596 477 3662 exstitisse
492 3599 612 3681 putem.
642 3591 682 3658 Ei
696 3591 769 3675 loci,
793 3593 846 3676 qui
861 3590 903 3658 ad
921 3596 1064 3659 nostram
1079 3593 1295 3677 quaestionem

168 3704 329 3784 spectant,
362 3699 562 3764 inveniuntur
587 3716 651 3763 non
676 3697 711 3761 in
738 3694 901 3779 diverbiis,
935 3694 993 3762 sed
1026 3694 1089 3764 duo
1122 3695 1236 3763 saltem
1262 3697 1296 3763 in

167 3802 274 3888 lyricis
296 3801 449 3888 partibus,
471 3821 552 3870 unus
574 3801 607 3867 in
631 3801 810 3883 recitative,
838 3798 926 3875 ouius
948 3805 1062 3869 natura
1083 3819 1184 3887 prope
1205 3800 1297 3869 abest

167 3923 189 3975 a
209 3905 318 3993 lyrica.
359 3903 422 3972 Eos
445 3911 561 3986 autem,
584 3922 662 3988 quos
684 3903 760 3970 lacit
781 3906 880 3988 poeta
900 3902 1075 3987 loquentes,
1097 3904 1196 3971 animi
1218 3924 1296 3988 quo·

167 4008 240 4074 dam
263 4018 350 4076 motu
371 4008 573 4096 perturbatos
596 4006 739 4074 videmus
761 4025 861 4090 eoque
883 4006 1070 4074 vehementi.
1115 4005 1163 4073 lta
1183 4007 1296 4074 chorus

168 4112 322 4198 (Ch'oeph.
347 4114 427 4196 399)
455 4133 517 4178 non
546 4111 747 4178 mediocriter
770 4111 939 4192 excitatus,
966 4131 1037 4177 cum
1061 4110 1233 4178 audivisset
1254 4112 1297 4198 πᾷ
