3086 4680
714 265 924 329 ..34-

256 471 330 520 nam
359 435 399 520 rie
425 451 583 540 Aeschylo
611 454 767 540 imprimis
795 459 907 538 agetur
933 452 1172 540 ——Aeschylus
1199 453 1382 540 plommque

257 557 477 625 attractionem
501 556 651 641 neglexit,
674 555 846 644 Sophocles
869 576 940 624 eam
963 557 1029 624 lere
1051 557 1126 624 iecit
1148 577 1250 642 neque
1277 556 1384 624 omisit

257 661 317 728 nisi
341 659 435 728 certis
457 658 705 743 condicionibus,
728 657 897 747 Euripides
919 659 1057 727 medium
1078 662 1188 743 tenuit,
1211 681 1281 728 cum
1304 657 1384 726 duas

257 764 433 850 promiscue
458 768 627 852 usurparet
651 767 833 830 sturcturas.
879 760 923 830 Ut
948 761 981 830 id
1008 763 1093 848 quod
1119 763 1185 830 dixi
1207 762 1387 834 accuratius

256 886 425 955 exponam,
447 865 623 953 Aeschylus
639 903 678 914 -
694 863 728 933 id
750 863 835 951 quod
857 873 1105 934 consentaneum
1129 873 1177 936 est
1197 867 1243 934 illi
1258 868 1384 950 5511551,

256 991 320 1058 555
340 969 392 1038 515
414 977 508 1057 55515
529 968 704 1040 5551551155
726 969 912 1055 simpliciter
932 969 1027 1036 aliam
1053 971 1142 1038 iuxta
1166 970 1385 1058 5555555511,

258 1095 319 1142 555
353 1071 523 1142 artiticiose
554 1071 719 1159 copulatas
752 1072 917 1157 coniungit
938 1110 980 1120 —
1002 1073 1207 1142 attractionis
1229 1095 1293 1142 uon
1327 1073 1386 1141 ad-

258 1176 430 1245 mittendae
452 1177 549 1244 luisse
564 1174 687 1244 ridetur
701 1175 946 1256 curiusissimus;
968 1196 1044 1244 nam
1066 1197 1136 1244 eam
1160 1177 1300 1262 neglexit
1321 1197 1386 1244 non

258 1281 370 1364 solum,
381 1280 436 1348 ubi
451 1300 565 1348 nomen
581 1277 776 1366 praecedens
791 1275 887 1347 55551
900 1299 1008 1347 casum
1020 1280 1182 1366 obliquum
1194 1280 1320 1365 (5155.
1332 1284 1387 1364 26,

259 1386 341 1468 328,
355 1383 427 1466 886,
446 1384 539 1466 1153,
556 1385 649 1465 1375,
666 1383 749 1448 1538
768 1381 892 1470 [1581].
925 1382 982 1450 (lh.
999 1384 1072 1466 685,
1089 1385 1182 1450 1027.
1215 1383 1297 1451 Eum
1312 1385 1388 1466 612,

260 1491 332 1570 792,
355 1487 476 1572 85151)
501 1484 559 1554 sed
585 1485 682 1554 etiam
705 1486 758 1553 uhi
781 1506 822 1553 ex
844 1485 959 1556 Graeci
985 1488 1140 1556 seimonis
1162 1507 1220 1555 usu
1242 1487 1389 1556 nonfuit

259 1591 479 1658 attractionem
502 1590 649 1657 omittere
671 1586 705 1656 iu
727 1596 775 1656 est
795 1591 830 1654 in
851 1591 898 1656 eis
921 1591 1200 1674 enuntiationibus,
1221 1591 1388 1676 inquibus

259 1695 429 1762 infinitivus
456 1701 489 1759 et
514 1692 672 1760 sententia
702 1692 852 1778 primaria
878 1691 962 1760 idern
992 1694 1166 1762 subiectum
1192 1693 1323 1776 habent,
1353 1703 1390 1761 51
1502 1679 1503 1694 ’

259 1796 492 1885 praedicativae
514 1796 658 1864 notiones
679 1794 823 1862 inlinitivi
845 1795 879 1862 in
894 1793 1087 1867 nominativo
1103 1807 1210 1866 esseut
1223 1795 1388 1886 ponenda;

260 1904 307 1970 sic
329 1901 439 1968 scribit
461 1897 638 1984 Aeschylus
661 1897 719 1981 Ag.
743 1900 821 1964 458:

464 2030 505 2099 τίς
528 2028 584 2092 ὧδε
606 2029 719 2099 παιδνὸς
741 2029 761 2112 ἡ
785 2035 897 2116 φρενῶν
919 2032 1095 2112 κεκομμένος

466 2134 573 2222 φλογὸς
595 2134 808 2223 παραγγέλμασι

465 2244 539 2312 νέοις
561 2243 731 2328 πυρωθέντα
753 2241 870 2328 καρδίαν
892 2239 976 2312 ἔπειτ’

466 2348 583 2430 ἀλλαγᾷ
605 2347 695 2431 55555
715 2354 830 2430 καμεῖν;

262 2509 463 2516 ----.-,---

261 2607 362 2661 5111555
385 2609 559 2661 monumentu
583 2604 639 2680 (Pe.
658 2605 729 2661 Xen.
748 2604 775 2661 d.
793 2621 814 2660 r.
832 2621 859 2676 p.
879 2605 968 2674 ach.);
995 2609 1088 2661 tamen
1113 2600 1384 2672 555555115555115

260 2693 312 2747 555
330 2693 399 2747 libro
417 2690 591 2748 attractionis
603 2693 676 2757 ueris,
694 2707 765 2761 quae
778 2691 861 2746 etlam
875 2691 914 2756 111,
926 2691 1089 2755 ,55155555
1101 2705 1154 2744 uon
1172 2695 1216 2742 est
1226 2700 1384 2756 expressum

261 2778 375 2848 (15285
389 2779 543 2850 Xenophon
554 2781 644 2832 autem
653 2777 714 2849 ipse
723 2793 856 2850 persaepe
864 2777 986 2846 neglexit
995 2775 1188 2832 attractionem
1200 2773 1265 2844 [An.
1275 2772 1301 2836 8,
1309 2771 1351 2833 21,
1364 2774 1386 2836 1,

261 2863 322 2933 (lyr.
343 2864 378 2919 ll.
399 2867 421 2929 1,
441 2863 481 2928 15,
499 2861 574 2918 Heli.
587 2864 612 2927 4,
630 2863 684 2929 aa
703 2861 778 2934 etc.];
796 2879 831 2918 ex
843 2862 970 2919 Platonis
988 2861 1066 2916 libris
1078 2855 1163 2916 affero
1176 2858 1236 2914 515
1247 2855 1313 2926 Il.p
1327 2855 1386 2920 149,

261 2950 309 3005 ubi
326 2951 362 3004 oh
379 2947 532 3005 rhetoricas
554 2941 651 3004 555555
669 2949 797 3004 attractio
816 2949 889 3005 15515
911 2964 965 3004 555
988 2951 1045 3011 551,
1073 2960 1134 3000 cum
1159 2942 1273 2999 Troiani
1298 2957 1386 3013 oppo-

265 3039 390 3092 nerentur
407 3035 475 3092 (1515.

347 3122 370 3190 ¹)
388 3121 520 3177 attractio
536 3122 674 3179 invenitur
690 3123 768 3178 Eum.
787 3122 850 3190 8723
869 3119 1052 3177 memorabilis
1070 3122 1113 3173 est
1130 3115 1207 3171 locus
1218 3113 1310 3169 Prom.
1322 3113 1386 3169 tlt:

465 3224 589 3295 κράτιστα
607 3225 639 3290 δή
656 3244 703 3296 μοι
719 3227 773 3279 τῶν
790 3224 965 3295 παρεστώτων
983 3221 1038 3275 τότε

467 3309 588 3382 ἐφαίνετ’
604 3306 676 3365 εἶναι
693 3310 867 3380 προσλαβόνπ
882 3307 984 3380 μητέρα

466 3393 558 3451 ἑκόνθ’
576 3396 662 3452 ἑκόντι
681 3395 744 3461 Ζηνὶ
762 3400 1005 3467 συμπαραστατεῖν.

262 3503 309 3557 551
326 3501 500 3574 participium
518 3501 634 3558 eundem
646 3499 753 3572 accepit
764 3515 855 3555 casum
875 3513 954 3569 quem
972 3511 1071 3551 nomen
1083 3492 1260 3564 praecedens,
1274 3490 1390 3546 5515511-

261 3604 324 3644 rum
343 3602 396 3644 555
415 3587 531 3656 5555511
566 3587 700 3644 sednon
726 3587 844 3642 arbitror
871 3599 931 3639 curn
950 3579 1097 3638 Wecklino
1118 3576 1303 3648 προσλαβόντα
1329 3590 1391 3632 ease

262 3667 448 3738 scribendum
484 3689 545 3729 nam
576 3672 670 3730 dativo
701 3669 878 3742 προσλαβόνπ
905 3671 1015 3724 serrato
1046 3665 1113 3720 milri
1142 3663 1252 3734 quidem
1281 3661 1392 3716 videtur

263 3757 419 3830 Aeschylus
436 3759 605 3814 annotatum
622 3747 761 3831 pulchrius
780 3761 863 3827 atque
881 3754 1039 3812 concinnius
1058 3749 1168 3807 omnino
1190 3765 1245 3804 555
1267 3746 1393 3818 55151555

263 3845 368 3912 efferre,
392 3861 455 3901 nam
477 3861 538 3900 cum
555 3844 738 3917 praecedente
760 3843 854 3899 dativo
878 3839 1054 3912 προσλαμόνπ
1076 3837 1112 3892 erl
1129 3854 1177 3908 555
1197 3834 1284 3892 relatu
1311 3848 1393 3889 aucu-

262 3931 366 3988 satirue
390 3926 486 3986 155555
511 3947 572 3985 555
599 3930 692 3986 denuo
719 3926 807 3984 laturo
832 3928 995 3985 5551555155
1021 3926 1070 3991 511,
1097 3939 1131 3980 55
1158 3921 1257 3978 5155155
1283 3918 1394 3984 eminet,

263 4021 433 4090 quantopere
450 4016 517 4072 lori
533 4015 636 4072 auxilio
654 4014 764 4072 Titanis
785 4029 854 4084 opus
876 4014 959 4070 inerit
978 4016 1063 4082 51555
1086 4024 1168 4080 quam
1191 4007 1310 4063 libenter
1326 4003 1394 4059 Pro·

262 4103 386 4161 matheus
414 4119 465 4158 sua
491 4105 589 4173 sponte
611 4117 672 4156 cum
694 4116 728 4155 ec
755 4115 806 4154 555
832 4098 948 4154 55551115
973 4094 1188 4158 conscelerant,
1213 4097 1245 4148 51
1270 4089 1395 4148 condicio

262 4189 420 4251 Promethei
438 4190 467 4248 iu
485 4202 569 4246 55555
587 4203 620 4246 ec
638 4187 746 4261 pravior
764 4190 898 4260 appareat
915 4190 998 4258 51555
1017 4181 1147 4237 miserior.
