3086 4680
675 211 887 274 ..30-

302 405 334 462 et
357 397 470 463 Bacch.
498 401 595 462 1131:
833 401 868 484 ἠν
891 398 921 462 δὲ
944 401 1011 463 neiu’
1034 402 1104 484 ὁμοῦ
1127 401 1191 487 βοὴ,

421 508 435 568 ὁ
458 504 510 587 μὲν
533 511 681 576 στενάζων
704 508 770 568 ὅσον
793 506 943 592 ἐτύγχανεν
965 509 1067 583 πνέων,

422 611 450 672 αἵ
472 608 497 674 δ’
510 612 675 695 ἠλάλαζον.
685 613 710 697 ¹)

301 714 405 780 Trium
434 735 510 797 ergo
537 735 687 797 generum
717 717 901 782 nominativi
929 719 980 800 qui
1009 725 1139 784 vocatur
1165 718 1259 784 soluti
1281 719 1348 784 sive

215 819 351 885 absoluti
380 819 412 882 in
441 825 581 884 nestram
609 817 697 885 eadit
725 821 942 903 quaestionem
966 821 1118 905 primum,
1142 819 1225 905 qued
1248 823 1347 906 parti-

216 924 332 1008 eipium
356 941 389 986 re
413 941 487 986 vera
509 941 529 986 a
550 923 679 986 nomine
701 922 836 987 solutum
861 923 966 989 habet
1004 921 1222 990 Nominativus
1243 925 1347 1007 igitur,

215 1034 248 1090 ut
271 1033 422 1110 repetam,
446 1025 520 1087 κατὰ
542 1026 651 1087 σύνεσιν
674 1025 794 1091 nomini
817 1025 941 1091 iuuetus
965 1025 1014 1108 (id
1038 1034 1086 1092 est
1108 1047 1128 1091 a
1148 1026 1242 1092 verbe
1259 1026 1346 1092 linito

215 1130 383 1212 excitatus)
406 1129 620 1214 superioribus
648 1129 844 1214 temporibus
873 1130 930 1194 fuit
953 1131 1146 1214 infrequens,
1170 1139 1255 1198 carte
1278 1131 1346 1214 qui-

215 1235 286 1300 dem
311 1232 395 1318 apud
418 1239 541 1320 poetas
565 1233 596 1296 in
614 1232 726 1316 quibus
742 1230 826 1316 apud
843 1231 1034 1318 Aeschylum
1051 1253 1183 1317 quoque,
1208 1240 1242 1299 ut
1257 1233 1347 1300 huius

204 1335 329 1423 ¹poetae
353 1335 467 1400 fabulis
490 1335 573 1401 hune
596 1355 705 1401 casum
721 1335 848 1418 inferre,
872 1355 935 1401 non
950 1335 1122 1401 stabilitum
1140 1334 1259 1402 eodieis
1276 1335 1347 1418 lide,

216 1441 315 1506 vereri
339 1439 521 1506 debeamus.
747 1529 767 1606 ὃ
790 1528 809 1588 3

302 1667 330 1712 a.
355 1645 426 1712 Non
443 1644 537 1711 modo
551 1646 679 1710 verbum
696 1645 818 1710 finitum
835 1645 941 1728 eflieit,
957 1653 990 1711 ut
1013 1646 1211 1730 participium
1236 1663 1346 1711 essum

216 1752 311 1816 elium
334 1749 446 1814 induat
468 1757 563 1832 atque
585 1768 717 1831 nemen,
746 1749 925 1814 sedetiam
955 1747 1042 1814 aliud
1069 1750 1219 1814 orationis
1248 1770 1346 1814 mem·

216 1855 317 1935 brum,
341 1833 366 1918 si
391 1854 518 1934 exstitit,
544 1852 743 1938 participium
767 1871 787 1916 a
810 1852 937 1916 nomine
952 1851 1053 1932 solvit,
1077 1858 1113 1917 ut
1136 1851 1349 1936 discrepantia

216 1976 346 2021 casuum
363 1956 490 2037 orietur,
507 1954 577 2020 dien
593 1975 632 2020 ea
648 1955 805 2039 exempla,
826 1954 858 2018 in
875 1954 986 2038 quibus
1003 1961 1132 2040 propter
1147 1955 1346 2021 interiectum

215 2058 366 2124 erationis
393 2059 569 2124 membrum
600 2056 745 2139 enallage
773 2077 904 2123 easuum
931 2059 1013 2122 inter
1039 2077 1153 2123 nomen
1189 2066 1221 2122 et
1250 2058 1348 2141 parti-

216 2162 333 2246 cipium
358 2162 527 2241 excitatum
551 2160 647 2246 Seph.
672 2159 708 2224 0.
733 2159 768 2224 G.
795 2160 875 2223 1361
899 2160 1049 2242 legimus:

423 2264 455 2326 οὐ
478 2265 590 2327 aluenni
612 2261 637 2326 δ’
651 2265 735 2339 ἐστίν,
760 2261 829 2326 ἀλλ’
842 2263 904 2346 ἐμοὶ
926 2263 978 2346 μὲν
1002 2265 1097 2326 οἰατέα

422 2367 485 2432 τάδ’
500 2369 595 2456 ὥσπερ
618 2371 652 2431 ἄν
677 2373 735 2444 ζῶ,
758 2375 810 2431 σοῦ
834 2371 944 2454 φονέως
966 2369 1155 2453 μεμνημένος.

302 2472 465 2538 Dindorlie
499 2471 541 2538 ad
575 2473 604 2536 h.
633 2473 654 2536 l.
689 2473 821 2538 dicenti:
857 2472 955 2548 ‘Quod
991 2475 1130 2556 sequitur
1158 2477 1346 2557 μεμνημένος,

216 2580 274 2644 etsi
297 2577 426 2643 defendi
450 2578 555 2662 aliquo
579 2576 673 2643 modo
697 2582 812 2662 potest,
836 2585 942 2642 tamen
967 2578 1060 2657 longe
1076 2578 1276 2643 verisimilius
1300 2583 1349 2644 est

216 2681 379 2766 scripsisse
402 2688 539 2765 poetam,
563 2680 646 2764 qued
670 2681 790 2746 restitui
806 2701 849 2746 se.
866 2679 1056 2764 μεμνημένον
1069 2679 1145 2745 nihil
1159 2701 1230 2746 esse
1247 2681 1347 2761 video,

216 2806 272 2850 eur
294 2787 514 2851 assentiamur.
546 2783 626 2850 Nam
652 2787 863 2851 nominativus
886 2789 1067 2869 μεμνημένος
1091 2783 1286 2866 intellegitur
1308 2807 1347 2849 ex

218 2891 319 2957 verbis
348 2891 522 2957 interiectis
545 2890 641 2978 ὥσπερ
664 2894 698 2952 ἂν
724 2891 815 2973 trist)
861 2891 962 2973 Atque
998 2887 1081 2954 haud
1115 2887 1237 2970 dubito,
1272 2888 1345 2970 quin

216 2996 276 3061 hoe
299 2995 504 3080 Euripideum
528 2993 611 3059 Med.
637 2996 715 3058 590:

423 3098 454 3160 εὖ
477 3096 618 3174 τόδ’ἴσθι,
639 3097 680 3182 μὴ
703 3098 831 3180 ηοναικὸς
853 3098 955 3160 οὔνεκα

422 3205 511 3288 ηὴμαί
533 3226 570 3285 με
591 3205 698 3290 λέκτρα
721 3202 873 3286 βασιλέως,
897 3207 916 3264 ἂ
937 3210 984 3266 νῦν
1008 3204 1077 3289 ἔχω,

424 3308 493 3372 ἀλλ’
508 3309 603 3396 ὥσπερ
626 3309 701 3372 εἷπον
724 3309 770 3371 καὶ
792 3315 891 3397 πάρος,
915 3315 1005 3371 uiuum
1027 3310 1125 3372 θέλων

423 3413 455 3477 σὲ
478 3415 524 3476 καὶ
546 3416 663 3477 τέκνοισι
684 3421 742 3484 τοῖς
764 3415 841 3496 ἐρινοῖς
864 3416 1040 3502 ὁμοσπόροος

425 3527 511 3605 φῦσαι
534 3525 685 3607 τυράννους
706 3521 816 3595 παῖδας,
840 3521 930 3608 ἔρυμα
953 3521 1089 3604 δώμασιν.

218 3635 259 3642 0—

304 3691 324 3757 ¹)
344 3692 520 3745 exoratione
543 3707 633 3761 prose,
658 3697 688 3744 ut
712 3690 865 3761 exemplum
891 3705 998 3760 ponem,
1027 3691 1157 3746 afferetur
1182 3688 1348 3744 simillimum

217 3775 287 3828 Xen.
307 3776 381 3830 Hell.
401 3777 435 3829 11.
454 3777 478 3831 2.
497 3778 525 3831 3:
544 3775 590 3829 καὶ
609 3773 712 3846 οἰμωγὴ
731 3773 762 3829 ἐκ
780 3777 825 3828 τοῦ
844 3777 976 3845 Πειραιῶς
991 3774 1036 3828 duri
1048 3777 1102 3827 τῶν
1118 3776 1234 3845 μακρῶν
1250 3775 1350 3843 τειχῶν

217 3859 255 3919 εἰς
273 3859 338 3913 ἄστυ
358 3855 456 3927 διῆκεν,
476 3861 489 3913 ὅ
507 3859 595 3931 ἕτερος
612 3863 648 3932 τῷ
666 3859 747 3931 ἑτέρῳ
766 3857 971 3930 παραγγέλλων.

302 3946 324 4014 ²)
344 3947 419 4000 siin
439 3947 533 4002 codiee
553 3951 627 4001 esset
645 3947 763 4001 traditus
787 3946 961 4000 aecusativus
985 3943 1166 4016 μεμνημένον,
1192 3961 1275 4000 cause
1295 3945 1349 3998 dis·

219 4033 377 4102 erepantiae
401 4049 512 4086 casuum
536 4033 646 4086 aliunde
671 4036 745 4085 esset
767 4031 918 4100 repetenda
936 4035 1018 4098 atque
1038 4032 1098 4084 loeo
1124 4030 1277 4100 Aeschyleo
1300 4029 1350 4082 ch.

218 4118 277 4183 399,
295 4135 374 4188 quem
393 4119 491 4172 iniuria
510 4118 682 4187 compararit
699 4116 855 4170 Dindorfius
876 4114 920 4184 [cf.
939 4121 954 4179 ς
972 4117 988 4168 3
1006 4117 1032 4168 b.
1051 4116 1107 4186 lirul
