3086 4680
703 279 915 379 73⁶·-

451 474 564 536 ἐλθόντι
585 475 684 559 γιίιραν
707 473 831 559 τερμίαν,
855 473 923 544 ,ὅπου
947 471 1023 532 θεῶν

452 587 564 666 σεμνῶν
587 581 671 666 ἕδραν
694 577 808 662 λάβοιμι
831 577 877 652 καὶ
899 566 1072 650 ξενόστασιν,

452 687 577 748 ἐνταῦθα
600 687 719 770 καμψειν
743 685 790 747 τὸν
813 684 992 770 ταλαίπωρον
1016 681 1084 765 βίον,
1179 741 1183 746 .

453 792 540 878 κέρδη
565 789 616 874 μὲν
640 793 795 876 οἰκήσαντα
818 797 876 860 τοῖς
898 790 1080 872 δεδεγμένοις,

453 899 578 981 ἄτηνε
548 895 578 960 δὲ
601 905 659 967 τοῖς
681 899 876 983 πέμψασιν,
857 920 881 958 οι
905 920 925 979 μ
928 893 1110 980 ’ἀπήλασαν

334 1002 422 1068 Ηαοο
445 1005 505 1068 tria
527 1002 674 1088 exempla
696 1003 748 1086 qui
771 1001 947 1068 accuratius
970 999 1173 1081 intuebitur,
1188 995 1280 1062 facile
1303 1014 1372 1078 per-

249 1107 362 1205 spiciet
374 1093 457 1190 qnid
481 1104 751 1172 discrimines‘t
702 1127 735 1170 ιιι
737 1107 829 1172 tersit
850 1105 931 1170 inter
953 1104 1032 1169 haec
1055 1112 1087 1169 et
1110 1123 1158 1184 ea,
1182 1120 1262 1186 quae
1289 1096 1371 1183 apud
1445 1179 1447 1186 Ι

249 1209 327 1276 alios
349 1211 518 1296 scriptores
533 1211 668 1298 exstent.
702 1208 791 1285 Quod
807 1208 900 1294 plane
916 1208 1117 1286 cognoscitur
1135 1205 1195 1270 hoc
1211 1199 1372 1288 exemplo:

250 1301 335 1418 apud
358 1311 540 1402 Euripidem
564 1293 665 1397 iuquit
666 1334 702 1377 ur
650 1310 838 1379 tMedea
861 1310 892 1394 (v
917 1310 1028 1394 1215).

455 1413 588 1506 φίλαιε
557 1418 683 1480 δέδοκται
705 1417 828 1505 τοῦργον,
854 1415 895 1486 ὡς
917 1421 1035 1502 τάχιστα
1059 1439 1104 1498 μοι

455 1524 557 1593 παῖδας
579 1525 721 1606 κτανυᾶση
744 1521 825 1608 τῆσδ’
850 1523 1036 1612 ἀφορμᾶσθαι
1059 1521 1165 1607 χθονὸς

456 1629 502 1691 καὶ1
526 1627 566 1712 μὴ
590 1629 701 1715 σχολὴν
724 1631 846 1714 ἄγουσαν
870 1628 998 1691 ἐκδοῦναι
1021 1629 1105 1690 τέκνα

454 1736 535 1817 ἄλλη
560 1740 692 1821 φονεῦσαι
714 1735 921 1821 δυσμενεστὲρμ
943 1733 1013 1820 χερὶ.

247 1839 335 1991 apud
359 1837 559 1956 Sophoclem
570 1837 663 1906 Elect
648 1844 699 1906 tra
721 1838 798 1904 dicit
785 1837 851 1922 t(v
875 1839 967 1920 958):

762 1965 783 2025 ῃ
808 1947 922 2029 adpeo'tt
946 1964 996 2026 μεν
1020 1963 1123 2004 ΟἶΕθΕῑν

369 2052 372 2078 ³
454 2047 576 2111 πλούτου
598 2048 729 2135 πατρῴου
752 2056 849 2133 κτῆσιν
873 2049 1059 2136 ἐστερημένη,

248 2159 253 2178 ‘
288 2185 290 2192 ¹
454 2159 570 2242 πάρεστι
592 2152 617 2217 δ’
631 2155 726 2238 ἀλγεῖν
749 2155 780 2225 ἐς
802 2156 916 2218 τοσόνδε
939 2160 988 2217 τοῦ
1010 2155 1112 2240 γρόνου

344 2243 355 2260 Γ
457 2261 582 2347 ἄλεκτρα
604 2268 802 2346 γηράσκουσαν
826 2263 978 2344 ἀνυμέναιά
1000 2281 1040 2321 τε.

322 2360 404 2430 ’1)οο
427 2363 492 2430 loci
514 2363 660 2430 videntur
691 2364 787 2451 plane
815 2365 955 2431 eiusdem
990 2364 1114 2447 generis
1147 2381 1226 2427 esse.
1272 2359 1373 2440 Quid?

249 2467 296 2532 Re
312 2471 386 2532 vera
400 2466 456 2534 hos
471 2487 599 2553 prorsus
615 2466 727 2534 eodem
744 2467 839 2534 modo
856 2488 925 2534 esse
941 2474 1138 2553 comparatos
1155 2459 1370 2531 censebimus?

249 2568 393 2636 Minime
423 2568 504 2636 Nam
527 2569 612 2655 apud
636 2570 818 2658 Euripidem
843 2571 898 2637 illa
913 2571 1009 2637 verba
1024 2570 1164 2652 κτανοᾶση
1189 2569 1372 2657 ἀφορμᾶσθαι

248 2683 280 2740 et
302 2675 343 2759 μὴ
367 2679 490 2759 ἄγουσαν
513 2677 640 2741 ἐκδοῦναι
663 2697 703 2742 ex
719 2697 779 2743 uno
795 2677 890 2742 verbo
908 2676 995 2742 finito
1018 2675 1144 2739 δέδοκταί
1162 2699 1207 2758 μοι
1225 2674 1376 2759 pendent,

249 2780 333 2864 apud
357 2780 544 2866 Sophoclem
569 2782 735 2868 repetitum
764 2787 814 2848 est
837 2781 965 2847 verbum
992 2801 1105 2864 regens
1128 2787 1252 2868 πάρεστι,
1280 2777 1376 2863 idque

249 2885 318 2952 sine
341 2884 540 2969 prenomine,
570 2893 603 2950 ut
629 2892 703 2970 apte
724 2885 778 2950 ille
800 2884 971 2951 infinitivus
999 2886 1078 2952 alter
1105 2885 1293 2969 generaliter
1319 2904 1376 2948 ex·

249 3006 377 3072 pressus
404 2987 624 3072 applicaretur.
670 2986 705 3052 ld
723 3008 794 3054 esse
816 2987 980 3075 Sophoclis
1007 2991 1166 3075 proprium
1194 2985 1307 3069 iudico,
1331 2994 1377 3067 ut,

249 3111 319 3156 cum
343 3089 529 3156 infinitivum
553 3091 743 3157 attractione
766 3091 912 3175 neglecta
933 3094 967 3157 in
988 3094 1052 3158 vim
1081 3093 1168 3159 abire
1197 3093 1375 3158 universam

250 3195 380 3260 sentiret
402 3214 536 3278 eumque
559 3194 605 3260 sic
634 3215 697 3260 non
725 3202 797 3279 apte
831 3215 901 3262 cum
937 3203 1021 3264 certe
1054 3199 1182 3263 nomine
1217 3194 1376 3276 coniungi,

249 3299 336 3382 qnasi
360 3296 463 3363 denuo
487 3298 684 3363 enuntiatum
707 3299 870 3385 inceperit,
901 3302 966 3366 sive
994 3301 1128 3386 repetite
1155 3298 1378 3366 coniunctione

250 3403 315 3467 sire
343 3401 437 3467 verbo
464 3401 577 3466 iterum
606 3420 764 3486 expresso.
810 3403 861 3469 Sic
894 3405 995 3489 primo
1030 3405 1114 3486 loco,
1148 3423 1240 3489 quem
1275 3401 1377 3481 attuli,

249 3505 338 3590 ponit
364 3504 395 3575 ἐς
417 3506 512 3574 ποίους
535 3504 661 3592 βρότουι,
695 3513 729 3571 ut
755 3513 925 3591 repetatur,
960 3506 1043 3591 qnod
1069 3509 1153 3573 inest
1177 3507 1209 3572 in
1238 3501 1304 3588 τοῖς
1331 3505 1379 3570 sic

250 3610 347 3675 altero
363 3607 433 3676 loco
449 3610 581 3677 iteratur
602 3617 730 3698 ταρεστι;
755 3612 800 3676 sie
815 3613 907 3677 tertio
930 3612 1055 3674 ἐνταῦθα
1078 3611 1215 3695 additur,
1237 3620 1272 3677 nt
1287 3609 1376 3696 quasi

249 3714 352 3781 denuo
386 3714 558 3781 enuntiatio
592 3716 742 3782 ordiatur.
798 3715 880 3781 Huic
917 3718 1031 3784 rationi
1069 3715 1254 3803 respondet,
1292 3713 1376 3800 quod

251 3817 425 3902 Sophocles
448 3819 666 3885 attractionem
690 3819 777 3901 lecit,
801 3820 895 3885 etiam
924 3821 976 3884 nbi
1005 3820 1070 3886 iere
1098 3841 1160 3887 nou
1188 3819 1377 3902 invenitur¹)

250 3943 454 3953 *un—..n-

335 3989 356 4058 ι)
375 3989 465 4060 qualis
483 3994 526 4044 est
544 3988 620 4044 leone
638 3989 802 4062 Euripidem
821 3990 889 4060 (lph.
909 3991 990 4044 Taur.
1009 3991 1083 4060 900:

454 4077 551 4145 σοφῶν
568 4075 624 4145 pop
643 4071 754 4145 ἀνδρῶν
771 4076 860 4140 ταῦτα,
878 4075 915 4142 μή
935 4075 1057 4143 ’κβᾶντας
1074 4077 1154 4147 τύχης

453 4161 549 4231 καιρόν
566 4160 692 4230 λαβόντας
710 4159 807 4224 ἦθονᾶς
826 4160 907 4220 ἄλλας
924 4161 1023 4229 λαβεῖν.

250 4246 284 4302 cf.
302 4247 423 4308 Classen.
446 4249 554 4302 llomer.
573 4247 807 4313 Bcobuchtungeu
827 4265 843 4318 p
865 4249 920 4301 140.
