3086 4680
650 191 862 250 ...1¹2-

190 376 243 441 ubi
271 395 460 460 quamquam
490 375 540 440 σὺν
563 377 642 466 ἀνδρὶ
664 375 842 463 praecedit,
877 379 1176 462 genetivus'pc'vree
1203 378 1323 462 positus

189 487 253 560 est;
286 481 381 548 facile
405 482 532 566 quidem
556 483 641 546 αὐτοῦ
665 479 825 547 subaudiri
857 491 977 569 potest,
1012 483 1068 549 sed
1102 503 1172 548 eum
1208 501 1323 548 nomeu

190 605 252 651 non
269 587 311 652 sit
325 605 521 671 expressum,
545 589 747 674 participium
764 592 877 672 γνόντος
892 588 1083 670 generaliter
1103 584 1323 672 accipiendum

190 699 238 756 est
259 691 292 756 in
315 691 450 758 eundem
475 712 614 774 sensum,
639 713 699 776 quo
722 702 771 759 est
794 695 830 760 ‘si
854 700 1049 778 compertum
1074 690 1144 772 est’,
1176 691 1209 754 id
1240 688 1323 774 quod

191 814 262 858 cum
286 796 447 862 sententia
469 796 632 878 convenit,
662 797 809 880 quoniam
833 816 896 862 non
920 795 1014 861 modo
1038 793 1233 874 Menelaum,
1267 791 1325 858 sed

192 897 288 962 etiam
332 897 469 981 reliquos
512 896 653 965 Graecos
692 897 832 964 Helenae
874 899 1089 965 innocentiam
1132 915 1325 979 cognoscere

191 1000 299 1082 magni
333 1001 508 1086 inteream)
536 1037 578 1047 -
602 999 686 1067 Nihil
714 1021 789 1084 ergo
823 1001 906 1086 quod
942 1000 1083 1068 offendat
1116 1000 1212 1066 habet
1244 998 1325 1064 haec

191 1111 358 1186 structura,
396 1123 476 1189 quae
513 1105 715 1190 participium
753 1107 786 1170 in
824 1106 970 1187 genetivo
1006 1105 1144 1190 positum
1183 1101 1331 1183 exhibet,

191 1225 306 1272 nomen
330 1206 392 1272 alio
419 1226 496 1274 casu
521 1207 676 1291 indutum,
701 1228 794 1292 quam
818 1207 945 1275 dicendi
972 1209 1128 1274 rationem
1156 1224 1328 1292 possumus

190 1309 360 1395 praecipue
393 1311 426 1374 in
460 1329 556 1395 prosa
583 1312 727 1376 oratione
761 1310 1015 1396 deprehendere;
1051 1309 1196 1376 conferas
1230 1307 1323 1373 velim

191 1410 339 1496 exempla
366 1432 406 1477 ex
435 1411 628 1495 Her0d0m2)
658 1413 707 1478 vel
739 1411 955 1499 Thucydide³)
984 1413 1032 1479 vel
1063 1413 1133 1478 aliis
1161 1411 1325 1497 seripturi-

191 1516 248 1581 bus
271 1514 415 1582 collecta.

277 1617 342 1684 lam
360 1607 447 1684 vero.
478 1638 665 1702 quaeramus
696 1639 827 1686 neeesse
861 1626 923 1702 est,
959 1640 1033 1684 num
1069 1620 1167 1684 ceteri
1202 1636 1324 1702 quoque

191 1741 283 1787 casus
299 1721 442 1787 absolute
458 1723 551 1806 positi
567 1729 641 1787 sunt
656 1722 768 1788 eodem
785 1722 890 1804 modo,
915 1724 1164 1807 quc'geuetivus.
1194 1721 1325 1786 Dativus

195 1831 282 1890 certe
320 1824 445 1914 videtur
475 1825 598 1889 initium
633 1825 757 1910 cepisse
791 1825 882 1892 huius
918 1846 993 1891 usus
1030 1825 1135 1903 liberi,
1173 1830 1324 1908 quantum

192 1926 340 2008 colligere
362 1927 438 1992 lieet
466 1947 507 1991 ex
529 1925 689 1994 nonnullis
712 1929 866 2013 exemplis
890 1928 1081 2009 Homericis3
1109 1928 1192 1993 huno
1216 1947 1325 1992 casum

192 2028 340 2095 videlicet
376 2031 568 2112 invenimus,
607 2030 659 2095 ubi
697 2038 826 2115 propter
862 2029 1058 2116 praecedens
1093 2049 1207 2096 nomen
1243 2030 1325 2095 alius

192 2132 377 2217 postulatur.
422 2131 490 2197 Hoc
513 2152 576 2198 uon
599 2138 650 2198 ert
672 2135 800 2213 mirnm3
828 2133 951 2198 dativus
975 2134 1070 2215 enim,
1098 2142 1133 2198 ut
1158 2134 1325 2214 rationem,

192 2255 273 2318 quae
299 2233 467 2299 intercedit
494 2234 576 2299 inter
603 2237 798 2300 enuntiatum
828 2237 1011 2320 primarium
1045 2241 1079 2301 et
1112 2236 1325 2321 participium,

192 2337 349 2419 siguificat
364 2337 554 2418 universam,
577 2338 639 2404 etsi
654 2337 879 2404 restrictiorem
899 2356 993 2421 quam
1012 2340 1187 2420 genetivus,
1211 2340 1256 2404 ita
1275 2344 1326 2405 est

192 2461 255 2507 non
280 2441 383 2516 minus
405 2438 538 2505 idoneus
562 2440 614 2522 qui
637 2438 781 2505 absolute
804 2442 983 2526 penatum)
1018 2441 1082 2507 Sed
1101 2441 1154 2506 hic
1170 2461 1245 2508 usus
1261 2461 1325 2507 non

191 2553 256 2610 tam
279 2543 373 2625 longe
395 2541 520 2626 lateque
544 2541 634 2607 fluxit
655 2544 688 2608 in
718 2563 863 2609 sermone
891 2543 1014 2610 Graeco
1050 2562 1143 2629 quam
1166 2551 1324 2610 structura

192 2649 328 2730 genetivi
342 2646 491 2727 absoluti3
509 2665 584 2710 uam
600 2655 727 2731 praeter
738 2666 841 2732 pauca
853 2646 1001 2731 exempla
1012 2646 1181 2712 Homerica
1197 2647 1234 2712 Κ.
1249 2647 1324 2711 187:

358 2751 399 2820 ὣς
420 2755 478 2812 τῶν
501 2751 625 2834 νήδυμος
648 2749 733 2821 ὕπνος
757 2753 811 2814 ἀπὸ
835 2751 998 2838 βλεφάροιιν
1022 2750 1131 2814 ὀλώλει,

357 2857 445 2920 νύκτα
468 2855 708 2942 φυλασσομένοισι
731 2858 833 2941 κακὴν.

192 2961 218 3025 Ξ
243 2965 319 3029 139:
353 2961 497 3049 Ἀτρείδη,
522 2968 569 3023 νῦν
593 2963 684 3046 δήπου
703 2963 867 3049 Ἀχιλλῆος
890 2963 973 3026 ὀλοὸν
997 2965 1053 3050 κῆρ

283 3151 301 3220 ¹)
321 3153 345 3206 Ν
350 3169 384 3206 ου
403 3157 447 3206 est
464 3152 601 3223 idoneum,
614 3153 687 3222 quod
699 3153 744 3207 hic
758 3151 895 3217 afferatur,
913 3150 979 3205 illud
993 3150 1172 3222 Euripideum
1186 3149 1249 3202 Med
1264 3147 1328 3202 910:

431 3235 502 3297 εἰκὸς
519 3237 574 3308 ynip
593 3233 678 3311 ὄργοὶς
695 3237 765 3302 θῆλυ
783 3241 922 3291 πονεῖσθαι
939 3233 1017 3306 γένος

346 3324 397 3378 910
431 3323 537 3393 γάμους
553 3323 780 3394 παρεμπολῶντος
799 3322 919 3382 ἀλλοίους
937 3323 1014 3375 πόσει

192 3424 272 3478 quem
291 3424 400 3463 versum
419 3415 486 3480 puto
504 3409 643 3464 Priuaium
662 3414 737 3462 recte
756 3409 858 3462 hebere
876 3424 926 3481 pro
945 3409 1065 3463 nondum
1084 3407 1240 3460 emendato.

276 3493 297 3562 ὓ)
316 3493 460 3548 Melander
477 3495 496 3548 l.
515 3495 532 3548 l.
552 3510 569 3564 p
591 3494 630 3548 18.
715 3521 718 3526 >

276 3579 298 3647 ⁸)
316 3578 490 3646 Ballrenholl,
510 3580 544 3633 de
564 3583 635 3651 part.
654 3596 704 3633 usu
723 3579 902 3648 Thucydideo
923 3579 997 3634 18ὃῖΙ
1032 3594 1051 3648 p
1070 3579 1112 3632 34.

244 3667 247 3675 ’
276 3665 298 3730 4)
318 3669 465 3735 propterea
493 3666 560 3720 dicit
587 3665 747 3720 Glasseniua
774 3665 783 3718 l
810 3663 864 3734 l.p
886 3665 948 3720 159:
976 3664 1023 3719 Sia
1050 3663 1104 3717 alle
1129 3663 1176 3733 (sc.
1200 3661 1327 3730 exempla

191 3751 285 3820 qualia
308 3753 373 3805 sunt
390 3756 413 3802 K
431 3751 478 3806 187
498 3754 527 3805 et
544 3752 569 3810 Ξ
586 3751 649 3817 139)
668 3750 815 3816 beweisen,
839 3749 903 3804 dass
931 3749 974 3803 die
1002 3748 1175 3804 homerisohe
1203 3747 1326 3818 Sprache

192 3837 250 3890 sich
277 3835 326 3890 auf
352 3836 414 3890 dem
442 3838 532 3905 Wege
559 3836 674 3904 beiaud,
702 3835 774 3890 auch
801 3834 854 3889 don
878 3835 962 3890 Dativ
987 3834 1036 3888 des
1058 3835 1136 3888 Part.
1154 3833 1246 3887 neben
1264 3831 1326 3884 dem

192 3921 261 3976 (len.
281 3963 287 3977 .
307 3964 314 3977 .
333 3939 366 3977 nu
381 3922 462 3994 jener
479 3922 726 3977 Ausdrucksvveise
750 3937 784 3975 uu
806 3921 979 3989 vermenden,
1001 3920 1046 3973 die
1064 3919 1113 3973 vvir
1130 3919 1179 3973 der
1197 3919 1326 3972 iussereu

192 4007 381 4078 llrscheinuug
398 4023 493 4078 wegeu
512 4008 557 4062 die
577 4007 626 4062 der
643 4007 788 4061 absolutam
807 4006 834 4062 d.
852 4008 869 4062 i.
888 4022 938 4061 aus
957 4005 1018 4059 dem
1033 4003 1332 4073 grammaticalem

192 4093 391 4163 sammeuheug
408 4093 660 4163 ausgesehiedenen
679 4093 766 4148 Oesus
785 4108 903 4148 neuneu,
