3086 4680
639 245 847 310 ‚25-

175 435 242 503 lere
279 437 447 522 scriptores
483 433 632 504 Graecos.
690 435 855 502 Praecedit
894 435 1104 502 nominativus
1139 435 1305 520 participii,
1404 448 1408 455 ·

175 540 312 606 nominis
336 540 417 606 alius
440 559 532 606 casus
556 540 706 624 sequitur,
729 559 831 622 neque
854 559 924 608 raro
948 538 1114 622 participio
1134 538 1306 623 praemisso

174 644 315 710 iunctum
339 649 388 710 est
409 661 540 722 nomen,
568 651 603 707 ut
624 642 658 706 id
681 642 728 708 bis
752 642 962 727 exprimatur,
990 638 1022 705 id
1046 639 1130 722 quod
1153 659 1217 704 non
1239 639 1307 704 fieri

174 747 207 810 in
223 746 328 832 priore
344 766 459 827 genere
475 745 661 811 nominativi
677 745 813 810 absoluti
831 743 982 810 videmus.
1019 742 1117 808 Huius
1133 751 1307 810 structurae

175 867 361 932 usumque
385 848 593 943 liberiorlest,
620 867 657 912 eo
681 849 782 928 magis
812 847 927 932 poetici
956 836 1111 914 sermonis
1146 847 1305 931 proprium

175 971 246 1018 esse
268 949 471 1019 iudicandum
496 957 559 1028 est3
584 969 663 1034 quae
687 957 792 1021 autem
817 949 966 1034 exempla
992 951 1023 1013 in
1048 968 1142 1033 prosa
1164 949 1307 1014 oratione

175 1055 320 1138 legimus,
344 1053 489 1120 videntur
505 1073 575 1120 esse
590 1054 719 1120 laxioris
737 1051 863 1118 dicendi
881 1053 1014 1133 generis.
1052 1051 1111 1118 Hic
1127 1053 1189 1117 iam
1207 1053 1308 1118 nomi-

175 1158 300 1223 nativus
333 1156 501 1242 participii,
536 1157 588 1240 qui
621 1158 653 1223 in
688 1155 818 1224 exordio
852 1155 1076 1220 enuntiationis
1110 1156 1232 1239 positus
1261 1163 1309 1220 est

176 1265 209 1325 et
241 1260 330 1344 quasi
363 1277 433 1325 eam
467 1258 587 1342 insipit,
621 1258 714 1324 facile
750 1256 924 1342 expeditur.
970 1255 1188 1323 Nominotivus
1223 1259 1308 1322 enim

176 1367 226 1428 est
248 1380 340 1428 casus
363 1361 496 1428 subiecti
519 1365 615 1444 atque
644 1367 806 1443 tamquam
833 1360 999 1446 imperium
1034 1359 1130 1426 totius
1164 1361 1308 1424 enuntia·

175 1465 272 1535 tionis
293 1470 395 1546 tenet;
417 1464 523 1546 itaque
546 1471 594 1528 est
616 1483 678 1529 nou
696 1464 819 1545 mirum,
842 1461 899 1528 sed
915 1468 1163 1530 consentaneum
1180 1467 1309 1528 senten·

175 1569 252 1632 tiam
270 1567 405 1651 aprime
423 1585 498 1632 casu
520 1567 630 1651 incipi3
655 1567 707 1631 ubi
724 1573 830 1630 autem
847 1586 910 1630 nou
929 1566 1069 1648 sequitur
1081 1563 1309 1649 praedicatum,

177 1668 261 1754 quod
277 1668 484 1751 desideratur,
501 1688 668 1734 commune
684 1674 790 1736 exstat
805 1667 1025 1734 anacoluthiae
1040 1669 1182 1750 genus.¹)
1216 1665 1309 1732 Eius-

176 1772 264 1839 modi
287 1770 415 1838 dicendi
437 1773 577 1853 generis,
615 1769 698 1856 quod
722 1793 761 1837 ne
784 1770 955 1836 Homerum
990 1769 1117 1853 quidem
1152 1771 1310 1853 respuisse

178 1874 323 1942 videmus
348 1874 507 1956 (conferas
531 1875 624 1940 velim
648 1873 661 1938 Ι
684 1875 759 1958 356,
782 1875 835 1938 ubi
859 1874 1027 1959 participia
1050 1863 1135 1958 ῥέξας
1153 1880 1184 1938 et
1199 1875 1311 1958 νηήσας

179 1997 242 2043 non
279 1977 413 2043 eandem
459 1977 638 2059 significant
673 1997 843 2062 personam
882 1996 962 2061 quae
1000 1977 1177 2042 continetur
1214 1978 1309 2041 verbo

181 2075 329 2164 sequente
367 2077 473 2166 ὄψεαι),
518 2079 666 2164 exempla
707 2079 919 2144 illustrissima
963 2087 1056 2162 atque
1100 2079 1311 2145 audacissima
1386 2129 1388 2134 .

180 2184 380 2250 inveniuntur
402 2183 488 2270 apud
511 2182 714 2268 Aeschylum,
737 2184 789 2266 qui
812 2182 972 2248 licentiam
1002 2186 1035 2248 iu
1064 2182 1124 2250 hac
1154 2191 1312 2250 structura

180 2285 360 2353 adhibenda
383 2287 442 2352 sibi
466 2287 610 2372 permisit
632 2305 799 2350 summam.
845 2285 948 2370 Saepe
971 2287 1054 2350 enim
1084 2287 1310 2352 nominativum

178 2390 335 2475 participii
370 2390 580 2475 praemissum
608 2389 749 2472 sequitur
777 2387 941 2473 epodosis‚
979 2409 1059 2472 quae
1093 2389 1188 2474 plane
1217 2389 1312 2454 aliam

178 2492 276 2557 habet
312 2492 445 2558 formam
485 2498 578 2574 atque
615 2511 695 2579 quae
733 2497 951 2578 exspectatun
990 2512 1086 2576 saepe
1121 2513 1161 2556 ne
1195 2511 1311 2557 nomen

178 2595 305 2679 quidem
323 2602 371 2660 est
386 2615 583 2679 expressum,
599 2593 683 2677 quod
698 2593 910 2679 praecedente
926 2596 1092 2679 participio
1109 2595 1312 2677 significatur,

178 2706 213 2763 ut
241 2699 390 2764 interiore
420 2697 535 2783 copula
567 2717 670 2781 paene
704 2717 812 2762 carere
838 2696 1003 2761 videantur
1037 2705 1069 2761 et
1102 2699 1312 2785 praemissum

178 2801 379 2886 participium
404 2807 435 2864 et
458 2798 606 2884 apodesis
634 2818 780 2881 sequens.
827 2797 928 2863 Unum
958 2806 1062 2865 autem
1088 2800 1245 2865 vinculum
1274 2820 1311 2864 eo

178 2903 384 2988 perspicitur,
423 2901 506 2986 quod
540 2908 672 2985 utraque
706 2903 865 2966 sententia
898 2901 939 2966 ad
973 2889 1106 2967 eandem
1142 2923 1311 2988 personam

178 3007 333 3090 pertinet,
362 3005 395 3069 id
418 3004 501 3088 quod
525 3024 587 3068 non
609 3024 681 3069 raro
704 3025 832 3089 prorsus
860 3006 891 3068 in
927 3005 1107 3070 universum
1142 3006 1312 3084 indicatura

178 3110 235 3190 sic,
248 3116 283 3172 ut
295 3109 474 3192 exemplum
491 3127 618 3192 porram,
635 3108 770 3190 loquitur
783 3106 1036 3192 Clytaemnestra
1053 3107 1143 3172 Eum.
1161 3109 1212 3189 95,
1230 3129 1311 3192 sqq.:

387 3235 442 3319 ἐγὼ
465 3234 491 3297 δ’
505 3234 552 3323 ὑφ’
577 3234 655 3318 ὑμῶν
678 3233 728 3296 ‹to’
742 3237 961 3320 ἀπητιμασμένη

388 3343 515 3404 ἄλλαισιν
539 3341 568 3403 ἐν
591 3348 734 3428 νεκροῖσιν,
759 3340 798 3402 ὧν
822 3339 872 3422 μὲν
895 3341 1011 3402 ἔκτανον

388 3447 492 3517 ὄνειδος
514 3447 543 3509 ἐν
567 3447 703 3532 φθιτοῖσιν
727 3445 777 3508 οὐκ
800 3445 965 3507 ἐκλείπεται.

266 3637 287 3702 ¹)
308 3654 343 3690 ex
360 3637 413 3691 hec
432 3635 607 3690 anacoluthia
626 3633 758 3702 colligere
776 3649 934 3704 perversum
954 3639 997 3688 est
1015 3636 1043 3689 in
1062 3635 1170 3689 Graeco
1188 3651 1312 3690 sermone

180 3723 266 3776 fuisse
284 3722 446 3776 nominativi
463 3720 584 3775 absoluti
607 3721 847 3785 constructionem,
873 3737 943 3789 qnae
967 3721 1094 3774 similiter
1112 3727 1186 3775 esset
1204 3737 1314 3792 compa-

179 3813 240 3863 rate
262 3811 346 3876 atque
370 3808 513 3876 genetivus
537 3806 693 3872 absolutust
720 3805 760 3858 sic
778 3804 898 3860 Geisleri
917 3803 962 3875 [de
981 3808 1080 3861 nomin.
1099 3825 1124 3876 q.
1143 3825 1167 3862 v.
1186 3808 1313 3861 absoluto

180 3908 239 3963 cap.
261 3891 312 3960 111]
332 3893 470 3950 sententia
487 3891 668 3963 improbanda
691 3894 741 3956 est,
765 3891 843 3944 cuius
866 3896 934 3956 tota,
957 3896 987 3946 ut
1010 3893 1120 3958 eddam,
1138 3894 1313 3947 ratiocinatio

179 3978 272 4047 posita
295 3981 338 4032 est
361 3977 390 4032 in
414 3977 601 4032 fundamentis
625 3993 680 4030 nou
702 3976 783 4030 veris.
820 3975 925 4042 Quodsi
948 3992 1010 4031 vero
1034 3978 1107 4032 idem
1131 3979 1184 4032 sibi
1208 3979 1315 4034 videtur

179 4063 344 4133 repperisse,
360 4064 425 4134 quid
444 4064 610 4122 discriminis
627 4062 739 4119 intersit
756 4063 827 4116 iuter
846 4063 957 4130 genitivi
978 4068 1007 4117 et
1021 4065 1180 4118 nominativi
1196 4063 1314 4117 absoluti

180 4154 341 4216 structuras,
360 4150 456 4204 nititur
474 4150 514 4203 eis
533 4150 675 4220 exemplis,
694 4164 763 4218 quae
782 4148 836 4200 alia
855 4150 960 4202 ratione
979 4151 1143 4221 explicanda
1161 4155 1231 4206 sunt.
