3086 4680
638 227 850 289 ..41⁴

180 416 212 482 id
240 415 329 504 quod¹
350 416 484 501 legimns
519 415 627 502 Suppl.
656 419 718 481 547
743 415 785 499 (v.
808 415 849 499 s.)
877 435 968 499 qnam
997 414 1137 480 πέπαλταὶ
1160 437 1205 499 ραν
1227 416 1306 503 κέαρ,

180 521 264 607 qnod
296 524 454 589 invenitur
488 521 544 588 Ob.
579 523 653 589 399.
698 519 804 599 Quid?
849 520 980 588 Lieetne
1013 522 1176 588 restituere
1208 520 1308 588 tribus

178 625 258 693 loeis
281 625 437 714 (onouph.
460 627 534 692 999.
572 624 620 692 ΕΙ.
643 627 716 691 479.
753 623 839 692 Pers.
864 625 941 710 890)
964 626 1191 692 nominativum
1214 644 1307 709 quem

179 737 293 796 vooant
325 728 552 811 absolutum?¹)
596 729 639 795 At
671 730 776 797 obstat
807 736 958 809 metrum3
992 728 1107 797 deinde
1141 733 1307 816 repugnat,

179 834 262 918 qnod
288 833 439 921 Aeschyli
465 832 673 920 temporibus,
707 833 820 900 saltem
848 832 934 920 apud
967 840 1093 919 poetas,
1126 833 1307 917 infrequens

178 938 239 1004 fuit
258 938 286 1004 is
309 957 393 1021 usus,
417 959 478 1023 qno
500 938 711 1004 nominativus
734 937 893 1022 participii
909 936 1087 1003 adneetitur
1102 936 1154 1003 alii
1172 938 1308 1005 nominis

179 1041 275 1108 easni.
316 1040 383 1121 Quo
405 1043 509 1125 igitur,
533 1061 661 1126 quaeso,
684 1042 751 1107 iure
773 1039 852 1107 haee
874 1047 1040 1126 structura,
1064 1041 1164 1126 qualis
1186 1046 1238 1108 est
1259 1040 1308 1108 his

178 1145 278 1212 tribus
304 1146 397 1223 loeis,
424 1150 530 1230 potest
555 1145 710 1232 appellari
737 1147 811 1208 uarat
834 1147 951 1221 σύνεσιν,
980 1143 1013 1210 id
1045 1144 1129 1230 quod
1161 1144 1308 1231 permulti

178 1250 334 1333 iecerunt3
367 1250 526 1317 sententia
552 1251 624 1336 ipsa
649 1251 790 1336 postulat
816 1251 1044 1317 nominativum
1072 1250 1230 1337 partieipii
1263 1251 1309 1316 sie

178 1361 212 1420 ut
235 1374 337 1441 paene
360 1354 423 1420 diei
446 1355 546 1440 possit
567 1374 638 1420 eam
661 1354 823 1423 obscurari
845 1374 902 1440 per
925 1355 1148 1422 aeeveativum.

249 1455 350 1524 ¹Nihil
381 1456 504 1524 videtur
536 1477 621 1541 esse,
659 1456 742 1542 quod
780 1456 921 1526 effecerit
958 1460 1181 1526 aeousativum.
1227 1455 1308 1523 Nam

178 1559 293 1628 frustra
313 1561 573 1645 investigabimus
595 1560 797 1645 infinitivum,
825 1583 865 1629 ex
893 1582 953 1647 qno
976 1561 1189 1650 suspendatur
1210 1562 1309 1647 parti-

178 1665 253 1750 eipii
290 1665 497 1732 aecusativus.
554 1663 744 1732 infinitivum
778 1664 954 1733 Brunekius
992 1665 1117 1750 quidem
1161 1684 1231 1730 eum
1259 1677 1309 1730 'ex

177 1770 305 1836 nomine
327 1768 547 1856 periphraseos
569 1773 715 1857 repetere
738 1775 921 1853 conaretur,
948 1769 1009 1835 boe
1034 1767 1103 1834 fieri
1131 1789 1194 1835 oon
1216 1787 1309 1854 posse

177 1874 238 1940 nisi
251 1872 308 1939 El.
331 1873 395 1938 479
417 1893 481 1939 non
504 1872 707 1958 intellexir32)
741 1893 816 1939 nam
844 1873 896 1957 qui
924 1879 1031 1958 potest
1058 1892 1097 1938 ex
1122 1871 1217 1938 verbo
1239 1873 1310 1960 κέαρ

177 1978 351 2045 infinitivus
374 1977 446 2045 telis
469 1977 622 2064 depromi,
645 1978 770 2063 qualem
794 1978 946 2044 hebemus
969 1978 1087 2066 θαρσεῖν
1114 1978 1246 2063 petitum
1270 1997 1309 2043 ex

177 2083 308 2174 boipuoc?
330 2104 395 2151 non
412 2090 516 2150 exstat
538 2104 653 2150 nomen
677 2082 818 2167 verbale;
842 2091 936 2168 atque
958 2082 1041 2151 idern
1067 2082 1152 2150 valet
1173 2083 1213 2150 de
1232 2081 1309 2150 Per·

178 2211 285 2258 sarum
308 2191 460 2258 versibus.

266 2292 374 2382 Neque
396 2294 494 2360 ullum
522 2291 608 2359 aliud
634 2293 784 2361 orationis
811 2295 987 2361 membmm
1013 2293 1157 2378 legimns,
1180 2299 1310 2381 propter

180 2398 264 2483 quod
287 2400 481 2466 aecusativus
504 2398 661 2484 participii
683 2399 804 2485 positus
826 2399 876 2464 sit.

266 2500 375 2588 Neque
389 2502 546 2589 particula
560 2499 601 2573 ὡς
620 2500 874 2587 deprehenditur,
891 2522 972 2587 qnae
989 2507 1079 2586 regat
1094 2501 1309 2569 aoousativum

177 2608 352 2695 partieipii3
375 2615 407 2675 et
429 2609 481 2694 qui
504 2629 576 2674 eam
598 2609 697 2674 textui
719 2609 836 2675 inferre
852 2607 917 2674 vult
932 2601 987 2674 ¹vel
1003 2607 1213 2692 subintellegi‚
1237 2629 1309 2674 eum

178 2712 312 2799 impedit
334 2712 506 2780 sententia:
528 2710 623 2778 ohoro
646 2710 785 2798 trepidat
806 2713 940 2795 animus,
963 2732 1027 2778 non
1043 2713 1118 2796 quia
1139 2718 1230 2798 putat
1251 2712 1310 2778 ali-

179 2814 255 2904 quid
277 2836 311 2884 se
335 2815 455 2898 audire,
478 2814 537 2884 sed
559 2817 632 2901 quia
654 2836 688 2883 re
711 2836 787 2882 vera
809 2815 898 2882 audit
919 2814 985 2897 (vel
1009 2815 1119 2900 videt).

199 2910 201 2917 ’
266 2919 404 2986 Putasne
427 2940 499 2986 vero
516 2919 671 2987 enodasse
688 2919 905 2986 difficultatem
921 2919 1117 3004 Elmsleinm‚
1139 2939 1211 2986 eum
1228 2920 1309 2986 hune

180 3044 290 3091 easum
317 3045 375 3111 pro
402 3024 544 3091 absoluto
572 3022 769 3090 venditaret?
799 3026 845 3106 (v.
868 3045 899 3110 p.
925 3022 990 3108 14.)
1034 3022 1175 3090 Minime.
1220 3023 1310 3090 Duae

179 3129 319 3194 rationes
342 3125 518 3213 probibent,
541 3128 676 3213 primum
700 3127 784 3212 quod
800 3128 998 3194 aecusativus
1014 3148 1054 3192 ex
1069 3132 1183 3192 natura
1198 3127 1319 3214 suapte

180 3231 314 3298 absoluti
338 3251 431 3298 easus
453 3232 522 3297 vioe
545 3250 609 3296 non
630 3237 735 3317 potest
756 3231 844 3314 fungi
867 3231 909 3314 (v.
925 3251 956 3316 p.
974 3233 1045 3315 13);
1066 3229 1182 3297 deinde
1198 3231 1310 3297 eedem

179 3336 273 3417 ratio,
307 3356 387 3419 quae
420 3354 460 3401 ne
493 3335 658 3418 genetivus
691 3334 852 3401 absolutus
879 3336 1076 3415 restituatur,
1110 3336 1310 3421 repugnat,³)

181 3459 252 3506 eum
276 3440 416 3508 notiones
440 3439 598 3526 participii
620 3445 653 3505 et
668 3439 824 3506 enuntiati
838 3440 979 3526 primarii
996 3439 1143 3505 artesint
1158 3457 1309 3507 ooneuee.

253 3646 285 3715 v¹)
303 3647 374 3700 buno
397 3659 491 3699 omnm
513 3645 626 3700 exhibet
652 3644 740 3700 codex
765 3644 910 3699 Parisinus
928 3643 972 3701 ul.
989 3646 1053 3702 479:
1081 3643 1215 3710 aarum
1241 3643 1311 3700 Her·

179 3733 321 3788 vverdenns
339 3730 514 3787 scribendum
531 3728 641 3784 εἰσιδών
659 3731 748 3800 (Pers.
766 3730 827 3802 890)
845 3731 994 3802 proposuit

264 3817 286 3887 2)
305 3817 382 3872 Dicit
400 3818 472 3871 euim
489 3816 535 3887 (nd
552 3817 595 3873 Ibi.
614 3818 674 3888 tta)
693 3809 805 3872 verbale
823 3833 922 3871 nomen
940 3818 1059 3888 positum
1083 3834 1144 3872 esso
1166 3833 1215 3890 pro
1233 3819 1310 3872 verbi

179 3904 326 3970 infinitivo,
354 3921 388 3958 ex
407 3919 461 3974 quo
480 3902 613 3974 penderet
630 3904 803 3959 aeensativnn
826 3903 979 3974 participii:
1014 3901 1110 3958 buruni
1125 3922 1172 3976 μοι
1193 3909 1310 3974 θαρσεῖν

179 3989 324 4044 &vionudos
341 3989 475 4044 κλύουσαν
492 3983 590 4060 ἀρτίως
607 3985 752 4062 ὀνειράτων
768 3991 812 4046 vel
830 3989 1007 4059 subintellegi
1024 3991 1137 4046 verbum
1156 3991 1310 4061 aproximo

181 4077 514 4132 nomineareessendnm:
532 4073 629 4130 ὕπεστί
644 4095 691 4146 μοι
708 4076 818 4148 θάρσος,
838 4073 907 4130 ὥστε
923 4081 1041 4147 θαρσεῖν
1058 4074 1109 4147 ἐμὲ
1126 4076 1265 4132 κλύουσαν.

265 4164 285 4230 3)
305 4164 338 4216 ef.
358 4164 392 4217 de
410 4167 501 4233 genet.
519 4163 605 4217 absol.
624 4179 642 4232 p
660 4165 702 4219 42.
