3086 4680
671 231 864 304 ..54

208 431 281 516 cipii
306 430 521 496 accusativum
545 429 697 506 κλύουσαν,
721 449 910 514 quamquam
928 438 960 496 et
975 431 1103 497 nominc
1118 436 1150 496 ct
1169 395 1338 515 pa’rtioipto

208 555 344 620 persona
366 535 561 618 significatur
584 536 712 614 eadem3
746 555 826 620 quac
853 535 985 603 offensio
1008 557 1046 602 eo
1074 543 1222 620 augetur,
1256 535 1340 621 quod

207 638 408 724 participium
436 658 500 704 non
528 638 622 722 longe
648 637 781 704 abesto
808 639 936 704 nominc
959 658 1032 720 suo,
1066 648 1100 704 ut
1122 640 1339 704 accusativum

208 742 379 823 exstitisse,
408 761 479 806 cum
503 747 598 826 pocta
625 745 815 808 structuram
843 742 1004 826 inceptam
1032 761 1147 824 magno
1175 741 1339 807 interiecto

207 843 373 909 intervallo
396 842 567 926 desereret,
590 843 653 908 dici
677 843 729 908 vix
751 844 861 927 possit.
898 889 900 892 -

293 945 494 1011 simillimum
517 951 569 1012 cst
583 944 661 1010 illud
679 944 891 1032 Sophocleum
907 947 939 1010 in
957 946 1003 1011 Ei.
1022 968 1049 1012 v.
1066 949 1142 1028 479,
1157 946 1210 1036 ubi
1227 945 1340 1012 chorus

208 1047 345 1132 loquitur
366 1068 431 1115 non
453 1049 655 1114 mediocriter
676 1049 847 1115 excitatus:
1344 1069 1347 1076 ’

570 1151 665 1214 ὕπεστί
689 1175 735 1235 μοι
757 1153 868 1239 θράσος

571 1241 717 1320 ἁδυπνόων
741 1258 883 1320 κλύουσαν

572 1365 677 1450 ἀρτίως
699 1366 858 1450 ὀνειράτων.

295 1465 384 1531 Haec
417 1465 564 1546 leguntur
589 1469 623 1532 in
651 1468 721 1534 cod.
749 1467 845 1547 Med.;
880 1467 992 1533 eadem
1027 1469 1164 1532 occurrit
1196 1466 1342 1549 enallage

210 1587 354 1656 casuum:
378 1574 482 1634 exstat
498 1568 646 1636 videlicet
661 1571 819 1656 participii
835 1571 1032 1636 accusativus
1047 1572 1200 1647 κλύουσαν,
1217 1569 1341 1634 dativus

210 1674 405 1758 pronominis
428 1697 474 1756 μοι
496 1675 673 1760 praecedit,
709 1676 767 1741 etsi
797 1674 878 1740 duae
912 1675 1056 1740 notiones
1090 1675 1268 1740 referuntur
1300 1673 1347 1740 ad

211 1776 345 1843 eandem
362 1798 540 1863 personam.
580 1777 668 1844 Haec
683 1777 885 1847 anacoluthia
900 1779 963 1843 iam
979 1778 1115 1844 librariis
1132 1777 1340 1846 offensionem

210 1881 322 1962 movit,
365 1887 402 1948 ut
444 1903 479 1948 se
517 1902 579 1947 non
617 1883 817 1947 continerent
853 1879 983 1946 libidine
1020 1881 1207 1963 corrigendi.
1217 1882 1242 1964 ¹)
1301 1880 1344 1946 nt

210 1984 385 2051 necessitas
402 1986 492 2051 metri
509 1984 623 2050 obstat
658 1983 882 2068 Antistropirae
898 1982 1026 2066 quidem
1043 1984 1131 2048 locus
1147 1982 1343 2068 respondeus

210 2106 307 2153 sanus
330 2105 393 2152 non
416 2096 478 2169 est;
501 2085 558 2152 sed
574 2087 649 2169 quin
664 2086 708 2151 ibi
724 2084 905 2150 emendatio
921 2104 969 2165 ca,
993 2105 1055 2168 qua
1070 2091 1180 2171 μήποτε
1202 2087 1343 2163 iteratur,

211 2193 254 2258 sit
276 2211 365 2274 vera,
400 2191 529 2256 dubium
558 2210 621 2256 non
644 2199 701 2256 cst.
749 2188 826 2254 Nam
851 2189 985 2255 ethaeo
1018 2192 1174 2275 particula
1208 2190 1343 2276 repetita

210 2296 316 2362 sensui
340 2293 432 2360 valde
455 2302 531 2378 apta
553 2300 600 2358 cst
627 2300 659 2358 et
685 2293 849 2379 responsio
883 2293 1060 2359 restituitur
1093 2295 1344 2360 accuratissima,

213 2396 296 2480 Ergo
320 2395 560 2464 concedendum
581 2403 631 2462 cst
645 2402 719 2480 post
734 2395 873 2461 dativum
891 2420 937 2478 μοι
952 2398 1110 2481 participii
1128 2397 1351 2462 accusativum·

210 2502 354 2565 κλύουσαν
378 2520 398 2566 a
419 2508 515 2585 poeta
537 2519 609 2566 csso
631 2500 816 2585 proiectum.
1352 2523 1353 2528 ¹

296 2605 489 2673 Accedimus
515 2603 556 2668 ad
576 2605 708 2669 ‘tertium
736 2603 851 2668 locum.
891 2602 1014 2670 Xerxes
1043 2605 1127 2668 enim
1155 2604 1232 2670 dicit
1257 2604 1343 2673 Pers.

211 2712 274 2776 890
300 2709 350 2776 K.:
453 2704 488 2768 ἰὼ

470 2811 608 2894 δύστηνος
631 2809 687 2895 ἐηὼ
711 2820 848 2899 στυγερᾶς
870 2812 971 2899 μοίρας

469 2917 555 3001 τηςδε
577 2921 705 3004 κυρήσας
729 2920 980 3004 ἀτεκμαρτοτάτης

473 3021 517 3092 ὡς·
538 3021 717 3109 ὠμοφρόνως
738 3022 848 3105 δαίμων
871 3022 956 3106 ἐνέβη

472 3125 593 3214 Περσῶν
617 3135 710 3211 severi·
733 3129 758 3188 τί
782 3128 869 3190 παύω
893 3127 1030 3212 τλημων;

470 3233 588 3294 λέλυται
610 3233 664 3319 peip
687 3231 765 3314 ε’μιῑυν
787 3234 872 3315 ηυίουν
896 3233 981 3318 ῥώμη

384 3339 447 3402 895
469 3335 548 3423 τήνδ’
573 3337 686 3420 ἠλικίαν
709 3336 825 3400 ἐσιδόντ’
850 3341 955 3401 ἁστιῖυν.

299 3441 388 3509 Haec
420 3441 555 3524 legimus
589 3441 621 3505 in
650 3440 720 3508 cod.
745 3439 829 3506 Med.
875 3440 966 3518 ouon
989 3440 1189 3506 Hermannus
1222 3441 1345 3507 censuit

213 3553 285 3631 post
306 3567 334 3611 v.
360 3545 423 3608 895
445 3543 592 3611 lacunam
616 3563 687 3609 csse
713 3543 926 3626 statuendam,
954 3563 1017 3610 nou
1047 3543 1130 3627 quod
1159 3543 1275 3607 ἐσιδόντ’
1304 3543 1346 3609 ad

212 3650 290 3734 ἐμῶν
306 3649 440 3716 relatum
460 3649 533 3716 ferri
549 3669 612 3715 non
628 3658 745 3733 posset,
761 3648 819 3715 sed
835 3659 877 3733 ut,
894 3669 975 3733 quae
987 3649 1085 3715 verba
1096 3651 1137 3714 ab
1151 3648 1347 3733 Athenaco¹)

214 3755 304 3839 quasi
331 3775 371 3820 ex
393 3752 498 3821 Persis
526 3761 654 3839 sumpta
680 3753 860 3837 traduntur,
895 3774 934 3820 ea
961 3753 1019 3820 hoc
1053 3753 1123 3820 loco
1157 3754 1348 3836 intericeret,

276 4022 280 4030 .
300 3976 320 4044 ¹)
339 3978 374 4030 ef.
387 3974 593 4029 adnotationem
607 3975 731 4029 criticam
750 3974 824 4029 adh.
839 3973 857 4030 l.
871 3974 899 4027 iu
913 3973 955 4029 Ei.
968 3973 1090 4028 editione
1103 3990 1120 4028 a
1131 3973 1233 4028 Jahuio
1245 3977 1348 4028 curata.

297 4061 320 4130 ²)
338 4061 442 4116 Athon.
460 4062 530 4126 3,86.
547 4059 592 4116 B.:
614 4057 747 4130 Αἰσχύλος
770 4058 834 4114 δ’ἐκ
851 4056 967 4130 Πέρσαις
989 4059 1035 4119 ταὶς
1059 4059 1152 4123 νήσους
1174 4058 1351 4130 νηριτρόφους

212 4148 327 4222 εἴρηκεν,
1201 4173 1203 4184 ν
1251 4174 1253 4180 ·
1295 4179 1297 4185 ν
1344 4153 1363 4183 ·¹
