3086 4680
636 251 765 318 -M
810 264 872 300 .'2

181 441 256 509 dnm
280 444 506 530 antiquissimis
529 444 591 512 illis
613 443 810 530 temporibus
826 464 896 510 eum
919 463 1039 510 morem
1055 433 1150 510 latius
1166 446 1316 529 patuisse,

183 569 244 632 quo
267 549 437 634 scriptores
460 547 575 630 singuli
599 547 739 631 singulos
764 548 878 614 imitati
906 556 994 630 sunt3
1023 547 1179 633 imprimis
1206 545 1317 629 tragici

182 652 214 716 in
239 650 455 736 exprimendis
478 651 609 718 aliorum
634 651 712 718 loeis
735 671 797 717 non
821 652 867 732 ita
887 651 1028 734 religiosi
1044 647 1186 717 inerunt.
1195 650 1219 733 ¹)

267 753 377 839 ltaque
400 754 483 829 redit
504 753 546 820 ad
569 751 763 840 Aeschylum
787 755 891 848 solum
914 755 992 822 hacc
1015 754 1208 840 proprietas,
1236 771 1318 837 quae

182 858 321 942 speciem
347 857 562 943 praesefert
590 858 683 924 nimis
711 858 919 941 singularem,
955 878 1029 924 nam
1064 878 1103 924 ea
1131 848 1201 924 enm
1231 854 1318 942 apud

181 959 266 1026 huuc
288 969 415 1045 poetam
439 961 505 1027 lere
527 962 559 1027 in
575 966 770 1046 'unaquaque
792 967 896 1028 exstet
917 961 1039 1044 fabula,
1067 982 1131 1027 non
1161 959 1319 1026 inuenitur

182 1064 244 1130 nisi
266 1085 329 1130 nno
351 1064 421 1130 loco
444 1064 630 1150 Sophocleo.
666 1063 775 1150 Neque
799 1064 877 1132 haec
893 1064 1019 1132 dicendi
1032 1065 1123 1131 ratio
1143 1069 1192 1130 est
1213 1063 1319 1130 aliena

183 1167 223 1232 ab
245 1167 396 1253 Aeschyli
421 1167 575 1251 dictione3
599 1188 673 1234 nam
697 1189 736 1234 ea
759 1170 903 1252 congruit
925 1188 996 1236 oum
1013 1189 1051 1236 eo
1068 1189 1165 1251 more,
1189 1187 1251 1252 qno
1266 1166 1318 1232 hic

181 1280 277 1355 poeta
298 1291 361 1337 non
390 1278 437 1338 est
464 1273 606 1338 curiosus
632 1273 665 1338 in
695 1272 923 1355 coniungendis
957 1273 1137 1354 sententiis,
1172 1271 1229 1338 sed
1264 1290 1318 1336 eas

184 1373 413 1446 adnectituon
439 1375 618 1460 copulatam
653 1375 726 1442 huie
749 1377 863 1442 rationi
891 1375 1063 1463 respondet
1084 1376 1113 1442 is
1134 1395 1224 1454 usus,
1258 1394 1319 1458 quo

183 1476 360 1563 Aeschylus
383 1497 538 1564 persaepe
553 1498 591 1544 ac
608 1485 672 1544 tarn
689 1478 843 1546 audacter
859 1499 952 1564 quam
969 1479 1073 1546 nullus
1089 1477 1168 1544 alins
1184 1478 1318 1562 scriptor

184 1582 380 1647 enuntiatum
404 1581 532 1665 aliquod
556 1583 792 1670 annominativo
807 1583 966 1668 participii
985 1584 1106 1667 incipit,
1129 1587 1318 1648 tumentem

182 1684 352 1770 apodosin,
381 1703 462 1769 quae
485 1691 697 1771 exspectatur,
729 1706 791 1752 non
814 1688 915 1773 ponit;
951 1686 1024 1752 huic
1045 1686 1160 1760 rationi
1184 1705 1246 1751 non
1270 1692 1319 1750 est

184 1786 346 1854 dissimilis
369 1787 396 1854 is
421 1808 500 1871 mos,
523 1807 583 1873 quo
607 1787 690 1854 idem
714 1795 810 1880 poeta
832 1809 987 1875 persaepe
1009 1789 1223 1856 accusativum
1246 1808 1319 1874 par·

184 1890 285 1976 tieipii
318 1891 427 1957 iuncto
464 1891 617 1958 infinitivo
652 1893 757 1978 ponit,
794 1897 831 1960 ut
864 1893 1026 1976 attractio,
1064 1913 1146 1977 qnae
1180 1897 1320 1975 vocatur,

132 1999 134 2004 '
182 1994 379 2078 neglegatur.

269 2096 403 2164 Tantum
421 2097 461 2164 de
476 2099 669 2183 proprietate
685 2097 874 2186 Aeschyleo,
896 2120 989 2184 quarn
1006 2099 1083 2165 mihi
1098 2097 1319 2166 illustrandam

184 2221 421 2288 proposueram.
472 2200 560 2278 Quae
588 2201 681 2268 simul
717 2201 756 2269 de
790 2204 949 2288 participii
982 2208 1095 2269 natura
1129 2210 1161 2268 et
1194 2223 1253 2268 usu
1287 2202 1319 2266 in

184 2306 363 2370 universum
397 2326 448 2370 me
483 2305 687 2372 constituisse
720 2310 829 2391 spero,
867 2307 948 2373 haee
979 2314 1061 2373 suut.
1111 2305 1319 2372 Accusativus

184 2408 358 2494 participii,
392 2409 424 2473 si·
448 2406 645 2494 praecedens
678 2429 793 2475 nomen
830 2410 926 2476 alium
960 2429 1068 2476 casnm
1104 2409 1214 2492 habet,
1247 2424 1318 2475 raro
1386 2403 1388 2409 ⁸

185 2520 354 2596 usurpatus
381 2519 440 2594 cst,
475 2517 696 2597 praeterquam
726 2513 810 2597 quod
846 2532 942 2599 saepe
976 2514 1097 2600 positus
1131 2521 1180 2579 est
1213 2513 1319 2578 iuncto

112 2679 114 2682 .
184 2614 353 2695 infinitiv03
390 2613 447 2681 sed
474 2614 505 2679 in
535 2635 607 2680 eum
642 2614 835 2699 singularem
870 2616 1014 2699 modum,
1049 2637 1140 2700 quem
1176 2615 1320 2702 exposui,

185 2718 382 2786 accusativus
399 2717 557 2803 participii
572 2717 691 2785 solutus
707 2718 867 2787 adhibitus
882 2727 1015 2802 nonest,
1031 2720 1093 2786 nisi
1108 2720 1148 2786 ab
1161 2715 1320 2804 Aeschylo

186 2821 308 2906 ibique,
342 2821 397 2886 ubi
420 2820 516 2887 verba
543 2829 725 2905 occurrunt,
761 2843 841 2908 quae
867 2824 1047 2889 nniversam
1077 2821 1235 2890 sentiendi
1258 2821 1320 2886 vim

186 2922 324 3008 habent,
354 2923 439 2990 velut
460 2924 555 2988 κλύειν
578 2926 627 2992 vel
650 2925 724 2990 ἰδεῖν.
770 2925 859 2992 Ηθθθ
887 2932 991 2992 autem
1015 2928 1207 3012 proprietas,
1241 2944 1323 3009 quae

188 3035 237 3096 est
259 3030 291 3094 in
321 3028 518 3096 anacoluthis
541 3029 753 3111 numeranda,
787 3050 858 3097 cum
885 3033 1112 3116 grammaticae
1138 3032 1225 3115 leges
1258 3050 1322 3096 non

186 3153 296 3200 severe
319 3133 535 3211 observentur,
559 3133 729 3221 Aeschylei
753 3137 908 3203 sermonis
930 3137 1075 3219 gravitati
1101 3134 1322 3218 maiestatique

185 3247 319 3322 perapta
343 3244 392 3303 est
414 3257 517 3322 neque
539 3236 690 3304 tollenda.

186 3385 393 3396 ..-....-...-----

272 3458 294 3525 ¹)
313 3459 349 3514 A.
368 3458 490 3528 Boseth,
508 3474 547 3528 gr.
565 3462 636 3527 trag.
655 3459 742 3530 princ.
760 3477 778 3530 p
797 3461 857 3514 241.
