3086 4680
623 281 835 348 ...33-

198 486 235 544 ,·”-·“
292 499 297 512 ·
326 497 332 546 ·,
370 484 466 540 κακῶν
488 478 513 540 δ’
527 477 557 539 ἐν
579 479 646 562 ἡμῖν
669 475 790 562 ἔσχατον
813 482 870 544 τοῖς
892 473 1003 545 ἀθλίοις

289 601 301 624 ⁴*
370 585 479 654 ἄλλους
501 589 652 671 τυράννους
674 572 849 645 αὐτῦνόντα
871 581 990 666 βασιλέα
1085 599 1087 606 ·

216 681 218 689 ’
321 725 322 733 .
370 689 428 774 βίον
451 698 618 778 προσαιτεῖν.

228 795 408 882 *Persaepe
430 785 503 862 h¹uic
525 795 681 862 infinitivo
697 795 845 880 generale
861 792 978 878 aliquid
995 794 1182 888 significanti
1199 799 1291 879 prae·

161 901 299 967 mittitur
330 917 503 985 pronomen
537 899 835 981 demonstrativum,
869 897 952 982 quod
986 898 1075 981 quasi
1108 903 1290 982 sequentem

161 1005 351 1070 sententiam
376 1025 432 1090 per
453 1004 642 1070 infinitivum
667 1023 850 1089 expressam
879 1001 1112 1086 complectitur3
1147 1002 1290 1067 conseras

162 1107 262 1173 velim·
290 1106 352 1172 hoo
384 1105 584 1172 Pindaricum
616 1106 721 1193 (Pyth.
745 1105 798 1187 IV,
820 1106 916 1186 288):
939 1105 1024 1193 φαντὶ
1046 1103 1162 1188 δ’ἔμμεν
1187 1105 1190 1191 i
1215 1104 1289 1169 τοῦτ’

161 1217 343 1301 ἀνιαρότατον
370 1201 451 1276 κολα
471 1211 651 1298 γιγνώσκοντ’
679 1217 789 1298 ἀνάγκᾳ
822 1212 904 1283 ἐκτὸς
936 1211 1009 1299 ἔχειν
1042 1211 1123 1275 κολα.
1132 1211 1157 1294 ¹)
1186 1209 1290 1277 Multi

162 1307 266 1385 autem
284 1307 454 1404 scriptores
471 1321 695 1386 attractionem
710 1319 742 1384 in
759 1318 912 1384 infinitivo
927 1317 995 1384 iieri
1011 1317 1188 1385 maluerunt
1204 1337 1291 1382 eam·

162 1443 224 1508 que
245 1423 387 1490 feceruut
409 1423 521 1505 etiam,¹
537 1423 591 1511 ubi
607 1443 728 1490 nomeu
752 1419 814 1489 riou
838 1429 887 1489 eat
900 1441 1095 1509 expressum,
1117 1420 1174 1516 sed
1196 1420 1290 1486 facile

161 1525 355 1608 subauditur,
378 1529 415 1593 ut
432 1525 635 1613 'participium
659 1547 722 1593 uon
738 1523 951 1592 accusativum
968 1523 1114 1612 accipiet,
1138 1524 1194 1591 sed
1218 1545 1288 1590 eum

161 1645 292 1712 casum,¹
313 1630 347 1694 iu
373 1650 434 1714 quo
460 1629 643 1715 ponendum
670 1637 721 1698 est
746 1649 862 1696 nomen
892 1627 1162 1712 subintellectum,
1196 1636 1231 1694 ut
1255 1629 1288 1694 iu

152 1731 255 1818 ⁴Seph.
278 1733 314 1798 ir.
339 1733 416 1798 510:

177 1867 179 1870 ·
259 1843 263 1852 '
366 1839 436 1900 ἀλλ’
460 1841 483 1901 εἰ
506 1837 557 1921 μὲν
581 1839 616 1922 ἦν
640 1841 783 1902 κλαίουσιν
806 1839 904 1901 ἰᾶσθαι
926 1841 1002 1901 κακά

365 1945 482 2006 καὶτὸν
507 1946 630 2008 θανόντα
653 1946 781 2031 δακρύοις
805 1948 966 2018 detortum,-

365 2051 379 2112 ὁ
403 2051 507 2138 χρυσὸς
530 2053 620 2134 ἠσαον
643 2054 741 2134 κτῆμα
764 2057 813 2112 τοῦ
836 2051 943 2113 κλαίειν
967 2053 1001 2112 ἂν
1024 2051 1069 2134 ᾖν.

246 2152 333 2219 Haec
360 2156 393 2219 in
420 2155 600 2222 uuiversum
627 2156 668 2222 de
697 2156 884 2222 attractione
909 2156 942 2220 in
969 2155 1123 2221 infinitivo
1149 2154 1234 2220 iacta
1255 2162 1287 2221 et

160 2277 223 2322 nou
246 2257 337 2324 facta.
383 2257 441 2324 Illa
463 2259 556 2341 igitur
579 2265 734 2328 strnctrra
756 2260 953 2328 attractionis
980 2260 1130 2340 omissae,
1159 2259 1218 2324 etsi
1240 2265 1288 2324 est

159 2361 324 2442 recentior,
348 2369 435 2428 caret
456 2383 496 2428 ne
519 2363 675 2431 Homerus
698 2362 868 2448 quidem,¹)
896 2368 991 2448 atque
1018 2362 1175 2428 inuenitur
1202 2360 1287 2446 apud

159 2482 269 2530 omues
292 2467 502 2551 scriptores.²)
533 2466 623 2544 Quod
645 2473 751 2534 auteur
775 2468 890 2534 attinet
911 2466 952 2533 ad
968 2474 1077 2552 poetas
1093 2466 1230 2545 tragicos
1246 2501 1286 2512 -

517 2663 595 2742 ἄλλῳ
605 2671 628 2724 δ’
638 2671 701 2724 ἄλλο
719 2672 873 2742 πρόσκειται
890 2667 972 2741 γέρας

139 2809 140 2812 ,
319 2801 322 2808 ,
363 2754 393 2810 σὲ
408 2753 463 2828 μὲν
479 2759 627 2830 μάχεσθαι,
647 2758 704 2820 τούς
723 2756 753 2812 δὲ
769 2757 907 2827 βουλεύειν
924 2757 1020 2816 καλῶς,

157 2843 307 2898 infinitivus
326 2843 398 2897 enim
416 2843 558 2915 enallagen
578 2861 688 2900 casuum
708 2846 813 2914 effecit3
831 2849 976 2918 propterea
996 2843 1066 2898 duco
1081 2859 1141 2897 cnm
1158 2843 1285 2898 Nauckio

160 2929 236 2995 [itur.
255 2927 332 2985 stud.
352 2929 390 2985 11.
410 2931 468 3000 168]
487 2929 641 2986 iaciendum
661 2949 715 2986 uon
734 2948 804 2998 esse,
826 2932 873 3002 qui
896 2932 1039 3002 proposuit
1061 2917 1144 2983 καλόν
1164 2930 1284 2985 scriben-

160 3013 221 3067 dum
248 3032 295 3086 pro
322 3017 421 3083 καλῶς
449 3022 478 3070 at
499 3017 576 3070 —id
603 3019 675 3087 quod
698 3017 821 3072 nonnulii
843 3017 968 3072 feceruut
986 3046 1018 3056 -
1037 3033 1071 3070 ne
1089 3016 1156 3070 illud
1175 3016 1283 3086 quidem

159 3100 274 3170 exempli
293 3117 376 3174 causa
392 3104 549 3173 ponendum
568 3109 618 3170 est,
637 3109 667 3159 nt
684 3104 866 3160 differentiam
885 3119 996 3160 casuum
1014 3102 1103 3173 qualis
1116 3105 1159 3158 est
1173 3102 1221 3158 Oh.
1234 3101 1284 3156 399

158 3185 295 3241 firmemus
314 3194 397 3257 atque
415 3189 590 3244 illustremus.

244 3271 263 3340 ¹)
282 3273 395 3330 Classen
415 3276 525 3331 Homer.
543 3275 629 3331 Beeb.
648 3292 666 3345 p
687 3275 743 3330 110.
778 3273 921 3330 Fleischer
939 3275 955 3329 1.
974 3274 992 3330 l.

242 3358 263 3427 2)
282 3361 323 3415 sic
346 3361 457 3415 exhibet
478 3361 614 3417 Pindarus
641 3361 833 3416 attractionem
861 3360 1016 3431 neglectam
1039 3359 1081 3416 01.
1102 3361 1125 3416 l.
1143 3362 1159 3415 8
1177 3377 1236 3430 sqq.
1256 3363 1285 3414 et

159 3445 250 3500 istium
261 3448 285 3510 5,
295 3447 336 3512 21,
351 3451 434 3517 atque
448 3447 649 3518 Aristophanes
661 3447 747 3502 multo
761 3447 879 3520 saepius,
898 3464 966 3517 quos
978 3448 1055 3502 locos
1067 3448 1112 3502 hic
1125 3463 1283 3502 enumerare

158 3549 210 3587 non
239 3535 283 3586 est
299 3539 556 3604 supervacaneum,
587 3551 647 3589 cum
678 3532 766 3588 adhuc
795 3549 875 3588 nemo
905 3535 976 3589 hunc
1005 3533 1121 3588 subierit
1149 3533 1284 3588 letiorem:

156 3619 228 3674 Nnb.
247 3618 306 3686 998,
327 3621 401 3685 1406,
420 3621 507 3694 Vesp.
526 3622 585 3687 242,
603 3622 655 3676 270
674 3620 872 3688 [memorabilis
896 3624 939 3675 est
960 3621 1005 3676 hic
1026 3619 1112 3686 locus,
1140 3624 1284 3693 cumpost

157 3721 253 3759 nomeu
271 3706 301 3760 iu
319 3705 449 3774 singulari
467 3723 578 3763 numero
595 3708 714 3779 positum
733 3711 823 3762 exstet
835 3705 1005 3762 accusativus
1017 3703 1159 3778 participii
1170 3706 1283 3780 pluralis'

156 3791 259 3846 numeri
286 3790 321 3847 cf.
348 3792 450 3846 Herod.
480 3794 505 3859 9,
532 3794 585 3866 67],
618 3793 705 3864 Vesp.
733 3794 791 3860 669,
823 3793 892 3848 Pax.
919 3795 975 3858 122,
1007 3793 1116 3848 Thesm.
1141 3793 1199 3859 679,
1223 3793 1282 3860 617,

155 3877 233 3932 Hcci,
254 3878 327 3943 1019,
345 3877 418 3932 Plut.
437 3879 496 3945 552,
514 3880 573 3945 797,
591 3879 661 3935 Rau.
680 3879 739 3946 534,
752 3880 811 3945 590,
830 3879 882 3950 idq.
896 3880 936 3933 90.
972 3877 1069 3950 Neque
1084 3880 1188 3956 reroiu
1200 3895 1283 3951 prosa

155 3963 278 4018 oratione
296 3965 398 4019 omissa
416 3969 459 4021 est
476 3964 607 4020 attractio
624 3964 705 4036 idque
724 3965 816 4032 etiam,
834 3964 882 4018 ubi
900 3965 1075 4036 participium
1094 3965 1283 4037 prope'abost

155 4066 171 4102 a
189 4049 297 4105 nomine
316 4050 387 4121 (Oyr.
405 4051 427 4106 1.
447 4053 470 4118 2,
492 4051 547 4121 15);
560 4048 661 4106 'confer
678 4068 747 4122 quae
766 4068 801 4106 ex
813 4051 955 4106 Herodoto
975 4049 1089 4121 eoilegit
1101 4051 1282 4106 Heilmaunus

155 4135 199 4201 (de
223 4134 269 4191 inf.
292 4135 395 4192 Herod.
415 4137 490 4204 1879,
513 4155 531 4208 p
550 4139 602 4209 27),
626 4153 660 4191 ox
682 4135 804 4208 Thucyd.
832 4135 972 4206 congessit
999 4135 1141 4192 Michaelis
1169 4137 1204 4208 (p.
1224 4139 1281 4206 46);

156 4238 243 4290 neque
267 4222 451 4278 desideramus
474 4225 545 4279 hauc
568 4227 731 4278 structuram
755 4224 781 4278 in
810 4223 998 4294 antiquissimo
1025 4223 1157 4278 orationis
1183 4239 1281 4294 prosae
