<?xml version="1.0" encoding="UTF-8"?>
<!DOCTYPE html PUBLIC "-//W3C//DTD XHTML 1.0 Transitional//EN"
    "http://www.w3.org/TR/xhtml1/DTD/xhtml1-transitional.dtd">
<html xmlns="http://www.w3.org/1999/xhtml" xml:lang="en" lang="en">
 <head>
  <title>
</title>
<meta http-equiv="Content-Type" content="text/html;charset=utf-8" />
  <meta name='ocr-system' content='tesseract 3.04.00' />
  <meta name='ocr-capabilities' content='ocr_page ocr_carea ocr_par ocr_line ocrx_word'/>
</head>
<body>
  <div class='ocr_page' id='page_1' title='image "./deproprietatequ00haeugoog_0033.png"; bbox 0 0 3086 4680; ppageno 0'>
   <div class='ocr_carea' id='block_1_1' title="bbox 685 207 898 276">
    <p class='ocr_par' dir='ltr' id='par_1_1' title="bbox 685 207 898 276">
     <span class='ocr_line' id='line_1_1' title="bbox 685 207 898 276; baseline 0.019 -18"><span class='ocrx_word' id='word_1_1' title='bbox 685 207 898 276; x_wconf 64' lang='lat'><strong>...24-</strong></span> 
     </span>
    </p>
   </div>
   <div class='ocr_carea' id='block_1_2' title="bbox 202 397 1361 676">
    <p class='ocr_par' dir='ltr' id='par_1_2' title="bbox 202 397 1361 676">
     <span class='ocr_line' id='line_1_2' title="bbox 226 397 1360 492; baseline 0.002 -26"><span class='ocrx_word' id='word_1_2' title='bbox 226 397 427 486; x_wconf 88' lang='lat' dir='ltr'><strong>participium</strong></span> <span class='ocrx_word' id='word_1_3' title='bbox 443 399 593 490; x_wconf 78' lang='grc' dir='ltr'><strong>εὶσοριῖισο,</strong></span> <span class='ocrx_word' id='word_1_4' title='bbox 611 423 672 468; x_wconf 93' lang='lat' dir='ltr'><strong>nou</strong></span> <span class='ocrx_word' id='word_1_5' title='bbox 689 401 772 492; x_wconf 89' lang='lat' dir='ltr'><strong>quod</strong></span> <span class='ocrx_word' id='word_1_6' title='bbox 787 403 927 490; x_wconf 81' lang='grc' dir='ltr'><strong>ἐισορῖοσοι</strong></span> <span class='ocrx_word' id='word_1_7' title='bbox 942 403 983 470; x_wconf 89' lang='lat' dir='ltr'><strong>ad</strong></span> <span class='ocrx_word' id='word_1_8' title='bbox 999 425 1035 486; x_wconf 82' lang='grc' dir='ltr'><strong>με</strong></span> <span class='ocrx_word' id='word_1_9' title='bbox 1049 403 1157 470; x_wconf 86' lang='lat' dir='ltr'><strong>referri</strong></span> <span class='ocrx_word' id='word_1_10' title='bbox 1172 423 1234 470; x_wconf 91' lang='lat' dir='ltr'><strong>uon</strong></span> <span class='ocrx_word' id='word_1_11' title='bbox 1246 405 1360 488; x_wconf 86' lang='lat' dir='ltr'><strong>possit,</strong></span> 
     </span>
     <span class='ocr_line' id='line_1_3' title="bbox 202 500 1359 592; baseline 0 -22"><span class='ocrx_word' id='word_1_12' title='bbox 202 521 207 531; x_wconf 93' lang='lat'>·</span> <span class='ocrx_word' id='word_1_13' title='bbox 227 500 285 570; x_wconf 85' lang='lat' dir='ltr'><strong>sed</strong></span> <span class='ocrx_word' id='word_1_14' title='bbox 307 503 381 587; x_wconf 89' lang='lat' dir='ltr'><strong>quia</strong></span> <span class='ocrx_word' id='word_1_15' title='bbox 395 525 508 574; x_wconf 85' lang='lat' dir='ltr'><strong>seusus</strong></span> <span class='ocrx_word' id='word_1_16' title='bbox 524 507 747 573; x_wconf 77' lang='lat' dir='ltr'><strong>enuntiationis</strong></span> <span class='ocrx_word' id='word_1_17' title='bbox 762 507 910 592; x_wconf 90' lang='lat' dir='ltr'><strong>postulat.</strong></span> <span class='ocrx_word' id='word_1_18' title='bbox 947 506 1043 584; x_wconf 82' lang='lat' dir='ltr'><strong>Quod.</strong></span> <span class='ocrx_word' id='word_1_19' title='bbox 1057 514 1162 572; x_wconf 89' lang='lat' dir='ltr'><strong>autem</strong></span> <span class='ocrx_word' id='word_1_20' title='bbox 1179 505 1359 590; x_wconf 87' lang='lat' dir='ltr'><strong>requiritur,</strong></span> 
     </span>
     <span class='ocr_line' id='line_1_4' title="bbox 227 603 1361 676; baseline 0.001 -5"><span class='ocrx_word' id='word_1_21' title='bbox 227 603 328 673; x_wconf 81' lang='lat' dir='ltr'><strong>codex</strong></span> <span class='ocrx_word' id='word_1_22' title='bbox 356 605 492 675; x_wconf 82' lang='lat' dir='ltr'><strong>exhibet.</strong></span> <span class='ocrx_word' id='word_1_23' title='bbox 540 608 592 674; x_wconf 90' lang='lat' dir='ltr'><strong>Sic</strong></span> <span class='ocrx_word' id='word_1_24' title='bbox 618 610 705 675; x_wconf 91' lang='lat' dir='ltr'><strong>enim</strong></span> <span class='ocrx_word' id='word_1_25' title='bbox 729 610 825 676; x_wconf 80' lang='lat' dir='ltr'><strong>uerba</strong></span> <span class='ocrx_word' id='word_1_26' title='bbox 850 610 884 675; x_wconf 95' lang='lat' dir='ltr'><strong>in</strong></span> <span class='ocrx_word' id='word_1_27' title='bbox 919 608 1029 676; x_wconf 87' lang='lat' dir='ltr'><strong>codice</strong></span> <span class='ocrx_word' id='word_1_28' title='bbox 1062 607 1179 674; x_wconf 87' lang='lat' dir='ltr'><strong>tradita</strong></span> <span class='ocrx_word' id='word_1_29' title='bbox 1205 607 1361 674; x_wconf 87' lang='lat' dir='ltr'><strong>vertenda</strong></span> 
     </span>
    </p>
   </div>
   <div class='ocr_carea' id='block_1_3' title="bbox 124 709 1359 801">
    <p class='ocr_par' dir='ltr' id='par_1_3' title="bbox 124 709 1359 801">
     <span class='ocr_line' id='line_1_5' title="bbox 124 709 1359 801; baseline 0.002 -27"><span class='ocrx_word' id='word_1_30' title='bbox 124 709 129 718; x_wconf 82' lang='lat'>&#39;</span> <span class='ocrx_word' id='word_1_31' title='bbox 227 711 303 774; x_wconf 86' lang='lat' dir='ltr'><strong>sunt</strong></span> <span class='ocrx_word' id='word_1_32' title='bbox 325 709 447 777; x_wconf 86' lang='lat' dir='ltr'><strong>‘iterum</strong></span> <span class='ocrx_word' id='word_1_33' title='bbox 472 731 524 778; x_wconf 90' lang='lat' dir='ltr'><strong>me</strong></span> <span class='ocrx_word' id='word_1_34' title='bbox 543 713 693 778; x_wconf 90' lang='lat' dir='ltr'><strong>miserum</strong></span> <span class='ocrx_word' id='word_1_35' title='bbox 711 714 831 778; x_wconf 85' lang='lat' dir='ltr'><strong>excitat</strong></span> <span class='ocrx_word' id='word_1_36' title='bbox 852 714 963 801; x_wconf 74' lang='grc' dir='ltr'><strong>οἶστρος</strong></span> <span class='ocrx_word' id='word_1_37' title='bbox 977 712 1104 797; x_wconf 85' lang='lat' dir='ltr'><strong>aliquis3</strong></span> <span class='ocrx_word' id='word_1_38' title='bbox 1129 711 1264 794; x_wconf 83' lang='lat' dir='ltr'><strong>effigiem</strong></span> <span class='ocrx_word' id='word_1_39' title='bbox 1282 712 1359 792; x_wconf 82' lang='lat' dir='ltr'><strong>Argi</strong></span> 
     </span>
    </p>
   </div>
   <div class='ocr_carea' id='block_1_4' title="bbox 226 814 1359 2060">
    <p class='ocr_par' dir='ltr' id='par_1_4' title="bbox 226 814 1359 1518">
     <span class='ocr_line' id='line_1_6' title="bbox 227 814 1358 900; baseline 0.002 -23"><span class='ocrx_word' id='word_1_40' title='bbox 227 831 267 877; x_wconf 82' lang='lat' dir='ltr'><strong>ex</strong></span> <span class='ocrx_word' id='word_1_41' title='bbox 290 815 495 896; x_wconf 63' lang='lat' dir='ltr'><strong>nurageuiti</strong></span> <span class='ocrx_word' id='word_1_42' title='bbox 511 814 655 900; x_wconf 77' lang='lat' dir='ltr'><strong>prohibe,</strong></span> <span class='ocrx_word' id='word_1_43' title='bbox 670 834 688 881; x_wconf 94' lang='lat' dir='ltr'><strong>o</strong></span> <span class='ocrx_word' id='word_1_44' title='bbox 705 815 804 881; x_wconf 86' lang='lat' dir='ltr'><strong>terra!</strong></span> <span class='ocrx_word' id='word_1_45' title='bbox 828 817 861 882; x_wconf 94' lang='lat' dir='ltr'><strong>in</strong></span> <span class='ocrx_word' id='word_1_46' title='bbox 875 824 1027 884; x_wconf 73' lang='lat' dir='ltr'><strong>murorum</strong></span> <span class='ocrx_word' id='word_1_47' title='bbox 1043 815 1185 882; x_wconf 86' lang='lat' dir='ltr'><strong>adducor</strong></span> <span class='ocrx_word' id='word_1_48' title='bbox 1199 817 1358 900; x_wconf 75' lang='lat' dir='ltr'><strong>aspiciens</strong></span> 
     </span>
     <span class='ocr_line' id='line_1_7' title="bbox 226 913 1359 1000; baseline 0.003 -22"><span class='ocrx_word' id='word_1_49' title='bbox 226 913 315 979; x_wconf 92' lang='lat' dir='ltr'><strong>illurn</strong></span> <span class='ocrx_word' id='word_1_50' title='bbox 348 922 509 1000; x_wconf 81' lang='lat' dir='ltr'><strong>pastorem</strong></span> <span class='ocrx_word' id='word_1_51' title='bbox 543 917 629 982; x_wconf 90' lang='lat' dir='ltr'><strong>mille</strong></span> <span class='ocrx_word' id='word_1_52' title='bbox 659 917 759 984; x_wconf 90' lang='lat' dir='ltr'><strong>oculis</strong></span> <span class='ocrx_word' id='word_1_53' title='bbox 795 918 961 986; x_wconf 66' lang='lat' dir='ltr'><strong>umatum!</strong></span> <span class='ocrx_word' id='word_1_54' title='bbox 1006 918 1106 996; x_wconf 80' lang='lat' dir='ltr'><strong>Quam</strong></span> <span class='ocrx_word' id='word_1_55' title='bbox 1141 938 1252 999; x_wconf 79' lang='lat' dir='ltr'><strong>graver</strong></span> <span class='ocrx_word' id='word_1_56' title='bbox 1286 925 1359 984; x_wconf 88' lang='lat' dir='ltr'><strong>suut</strong></span> 
     </span>
     <span class='ocr_line' id='line_1_8' title="bbox 226 1017 1358 1107; baseline 0.004 -26"><span class='ocrx_word' id='word_1_57' title='bbox 226 1017 300 1083; x_wconf 92' lang='lat' dir='ltr'><strong>iliae</strong></span> <span class='ocrx_word' id='word_1_58' title='bbox 323 1019 433 1084; x_wconf 88' lang='lat' dir='ltr'><strong>breves</strong></span> <span class='ocrx_word' id='word_1_59' title='bbox 456 1021 630 1086; x_wconf 86' lang='lat' dir='ltr'><strong>sentcntiae</strong></span> <span class='ocrx_word' id='word_1_60' title='bbox 654 1040 717 1086; x_wconf 91' lang='lat' dir='ltr'><strong>non</strong></span> <span class='ocrx_word' id='word_1_61' title='bbox 733 1021 914 1106; x_wconf 74' lang='lat' dir='ltr'><strong>copulatae!</strong></span> <span class='ocrx_word' id='word_1_62' title='bbox 950 1021 1154 1107; x_wconf 74' lang='lat' dir='ltr'><strong>Perspicuum</strong></span> <span class='ocrx_word' id='word_1_63' title='bbox 1171 1022 1222 1098; x_wconf 86' lang='lat' dir='ltr'><strong>sit,</strong></span> <span class='ocrx_word' id='word_1_64' title='bbox 1238 1027 1358 1104; x_wconf 90' lang='lat' dir='ltr'><strong>quanta</strong></span> 
     </span>
     <span class='ocr_line' id='line_1_9' title="bbox 226 1118 1358 1203; baseline 0.002 -19"><span class='ocrx_word' id='word_1_65' title='bbox 226 1118 259 1185; x_wconf 93' lang='lat' dir='ltr'><strong>lo</strong></span> <span class='ocrx_word' id='word_1_66' title='bbox 288 1121 464 1201; x_wconf 78' lang='lat' dir='ltr'><strong>exagitetur</strong></span> <span class='ocrx_word' id='word_1_67' title='bbox 492 1123 713 1190; x_wconf 89' lang='lat' dir='ltr'><strong>concitatione.</strong></span> <span class='ocrx_word' id='word_1_68' title='bbox 759 1121 850 1200; x_wconf 83' lang='lat' dir='ltr'><strong>Quod</strong></span> <span class='ocrx_word' id='word_1_69' title='bbox 878 1125 920 1194; x_wconf 86' lang='lat' dir='ltr'><strong>ad</strong></span> <span class='ocrx_word' id='word_1_70' title='bbox 947 1134 1080 1193; x_wconf 89' lang='lat' dir='ltr'><strong>metrum</strong></span> <span class='ocrx_word' id='word_1_71' title='bbox 1105 1126 1226 1203; x_wconf 87' lang='lat' dir='ltr'><strong>attinet,</strong></span> <span class='ocrx_word' id='word_1_72' title='bbox 1261 1142 1302 1189; x_wconf 87' lang='lat' dir='ltr'><strong>nc</strong></span> <span class='ocrx_word' id='word_1_73' title='bbox 1324 1121 1358 1187; x_wconf 92' lang='lat' dir='ltr'><strong>id</strong></span> 
     </span>
     <span class='ocr_line' id='line_1_10' title="bbox 227 1221 1356 1314; baseline 0.002 -28"><span class='ocrx_word' id='word_1_74' title='bbox 227 1221 353 1308; x_wconf 91' lang='lat' dir='ltr'><strong>quidem</strong></span> <span class='ocrx_word' id='word_1_75' title='bbox 391 1223 549 1308; x_wconf 87' lang='lat' dir='ltr'><strong>prohibet,</strong></span> <span class='ocrx_word' id='word_1_76' title='bbox 587 1227 769 1309; x_wconf 88' lang='lat' dir='ltr'><strong>quominus,</strong></span> <span class='ocrx_word' id='word_1_77' title='bbox 807 1229 891 1310; x_wconf 91' lang='lat' dir='ltr'><strong>quod</strong></span> <span class='ocrx_word' id='word_1_78' title='bbox 926 1227 1077 1295; x_wconf 87' lang='lat' dir='ltr'><strong>traditum</strong></span> <span class='ocrx_word' id='word_1_79' title='bbox 1111 1235 1168 1309; x_wconf 86' lang='lat' dir='ltr'><strong>cst,</strong></span> <span class='ocrx_word' id='word_1_80' title='bbox 1206 1227 1356 1314; x_wconf 79' lang='grc' dir='ltr'><strong>φοβοῦμαι,</strong></span> 
     </span>
     <span class='ocr_line' id='line_1_11' title="bbox 227 1328 1358 1417; baseline 0.003 -26"><span class='ocrx_word' id='word_1_81' title='bbox 227 1328 434 1410; x_wconf 81' lang='lat' dir='ltr'><strong>retineamus,</strong></span> <span class='ocrx_word' id='word_1_82' title='bbox 469 1334 504 1396; x_wconf 90' lang='lat' dir='ltr'><strong>ut</strong></span> <span class='ocrx_word' id='word_1_83' title='bbox 537 1329 578 1394; x_wconf 88' lang='lat' dir='ltr'><strong>dc</strong></span> <span class='ocrx_word' id='word_1_84' title='bbox 611 1331 805 1396; x_wconf 87' lang='lat' dir='ltr'><strong>nominativo</strong></span> <span class='ocrx_word' id='word_1_85' title='bbox 832 1333 993 1417; x_wconf 88' lang='lat' dir='ltr'><strong>participii</strong></span> <span class='ocrx_word' id='word_1_86' title='bbox 1026 1333 1128 1398; x_wconf 91' lang='lat' dir='ltr'><strong>soluto</strong></span> <span class='ocrx_word' id='word_1_87' title='bbox 1162 1352 1224 1398; x_wconf 91' lang='lat' dir='ltr'><strong>uon</strong></span> <span class='ocrx_word' id='word_1_88' title='bbox 1259 1333 1358 1416; x_wconf 87' lang='lat' dir='ltr'><strong>possit</strong></span> 
     </span>
     <span class='ocr_line' id='line_1_12' title="bbox 228 1429 1117 1518; baseline 0.003 -23"><span class='ocrx_word' id='word_1_89' title='bbox 228 1431 368 1511; x_wconf 78' lang='lat' dir='ltr'><strong>cogitari.</strong></span> <span class='ocrx_word' id='word_1_90' title='bbox 414 1429 472 1508; x_wconf 84' lang='lat' dir='ltr'><strong>Qui</strong></span> <span class='ocrx_word' id='word_1_91' title='bbox 496 1438 602 1500; x_wconf 88' lang='lat' dir='ltr'><strong>autem</strong></span> <span class='ocrx_word' id='word_1_92' title='bbox 627 1453 645 1498; x_wconf 92' lang='lat' dir='ltr'><strong>e</strong></span> <span class='ocrx_word' id='word_1_93' title='bbox 668 1432 770 1500; x_wconf 88' lang='lat' dir='ltr'><strong>Prom.</strong></span> <span class='ocrx_word' id='word_1_94' title='bbox 795 1431 886 1500; x_wconf 81' lang='lat' dir='ltr'><strong>affert</strong></span> <span class='ocrx_word' id='word_1_95' title='bbox 909 1455 936 1503; x_wconf 93' lang='lat' dir='ltr'><strong>v.</strong></span> <span class='ocrx_word' id='word_1_96' title='bbox 961 1436 1024 1501; x_wconf 80' lang='lat'><strong>202</strong></span> <span class='ocrx_word' id='word_1_97' title='bbox 1047 1455 1117 1518; x_wconf 91' lang='lat' dir='ltr'><strong>sqq:</strong></span> 
     </span>
    </p>

    <p class='ocr_par' dir='ltr' id='par_1_5' title="bbox 433 1541 1034 1642">
     <span class='ocr_line' id='line_1_13' title="bbox 433 1541 1034 1642; baseline 0.002 -26"><span class='ocrx_word' id='word_1_98' title='bbox 433 1551 492 1616; x_wconf 84' lang='grc' dir='ltr'>ἐπεὶ</span> <span class='ocrx_word' id='word_1_99' title='bbox 513 1550 622 1638; x_wconf 81' lang='grc' dir='ltr'><strong>τάχιστ’</strong></span> <span class='ocrx_word' id='word_1_100' title='bbox 645 1541 769 1640; x_wconf 70' lang='grc' dir='ltr'><strong>ἤρξαντο</strong></span> <span class='ocrx_word' id='word_1_101' title='bbox 792 1555 923 1637; x_wconf 75' lang='grc' dir='ltr'><strong>δαίμονες</strong></span> <span class='ocrx_word' id='word_1_102' title='bbox 944 1556 1034 1642; x_wconf 79' lang='grc' dir='ltr'><strong>χόλου</strong></span> 
     </span>
    </p>

    <p class='ocr_par' dir='ltr' id='par_1_6' title="bbox 432 1655 1004 1746">
     <span class='ocr_line' id='line_1_14' title="bbox 432 1655 1004 1746; baseline 0.003 -26"><span class='ocrx_word' id='word_1_103' title='bbox 432 1662 531 1728; x_wconf 84' lang='grc' dir='ltr'><strong>στάσις</strong></span> <span class='ocrx_word' id='word_1_104' title='bbox 551 1655 577 1720; x_wconf 85' lang='grc' dir='ltr'><strong>τ’</strong></span> <span class='ocrx_word' id='word_1_105' title='bbox 590 1657 620 1720; x_wconf 88' lang='grc' dir='ltr'><strong>ἐν</strong></span> <span class='ocrx_word' id='word_1_106' title='bbox 642 1659 812 1742; x_wconf 77' lang='grc' dir='ltr'><strong>ἀλλήλοισιν</strong></span> <span class='ocrx_word' id='word_1_107' title='bbox 835 1658 1004 1746; x_wconf 74' lang='grc' dir='ltr'><strong>ὠροθύνετο,</strong></span> 
     </span>
    </p>

    <p class='ocr_par' dir='ltr' id='par_1_7' title="bbox 364 1761 1135 2060">
     <span class='ocr_line' id='line_1_15' title="bbox 364 1761 1089 1852; baseline 0 -26"><span class='ocrx_word' id='word_1_108' title='bbox 364 1815 366 1818; x_wconf 91' lang='grc'>.</span> <span class='ocrx_word' id='word_1_109' title='bbox 432 1761 457 1826; x_wconf 86' lang='grc' dir='ltr'><strong>οἱ</strong></span> <span class='ocrx_word' id='word_1_110' title='bbox 478 1761 530 1844; x_wconf 77' lang='grc' dir='ltr'><strong>μὲν</strong></span> <span class='ocrx_word' id='word_1_111' title='bbox 552 1763 689 1832; x_wconf 74' lang='grc' dir='ltr'><strong>θέλοντες</strong></span> <span class='ocrx_word' id='word_1_112' title='bbox 710 1763 842 1846; x_wconf 84' lang='grc' dir='ltr'>ἐκβαλεῖν</span> <span class='ocrx_word' id='word_1_113' title='bbox 865 1764 949 1851; x_wconf 74' lang='grc' dir='ltr'><strong>ἕδρας</strong></span> <span class='ocrx_word' id='word_1_114' title='bbox 971 1765 1089 1852; x_wconf 80' lang='grc' dir='ltr'><strong>Κρόνον,</strong></span> 
     </span>
     <span class='ocr_line' id='line_1_16' title="bbox 433 1865 1108 1953; baseline 0.003 -25"><span class='ocrx_word' id='word_1_115' title='bbox 433 1865 474 1936; x_wconf 79' lang='grc' dir='ltr'><strong>ὡς</strong></span> <span class='ocrx_word' id='word_1_116' title='bbox 496 1865 567 1937; x_wconf 82' lang='grc' dir='ltr'><strong>Ζεὺς</strong></span> <span class='ocrx_word' id='word_1_117' title='bbox 589 1871 705 1930; x_wconf 81' lang='grc' dir='ltr'><strong>ἀνάσσοι</strong></span> <span class='ocrx_word' id='word_1_118' title='bbox 727 1867 827 1952; x_wconf 75' lang='grc' dir='ltr'><strong>δῆθεν,</strong></span> <span class='ocrx_word' id='word_1_119' title='bbox 852 1869 877 1932; x_wconf 89' lang='grc' dir='ltr'><strong>οἱ</strong></span> <span class='ocrx_word' id='word_1_120' title='bbox 899 1867 930 1932; x_wconf 74' lang='grc' dir='ltr'><strong>δὲ</strong></span> <span class='ocrx_word' id='word_1_121' title='bbox 951 1870 1108 1953; x_wconf 79' lang='grc' dir='ltr'><strong>τοῦμπαλιν</strong></span> 
     </span>
     <span class='ocr_line' id='line_1_17' title="bbox 434 1965 1135 2060; baseline 0.001 -27"><span class='ocrx_word' id='word_1_122' title='bbox 434 1973 609 2048; x_wconf 75' lang='grc' dir='ltr'><strong>σπεύδοντες,</strong></span> <span class='ocrx_word' id='word_1_123' title='bbox 633 1971 674 2043; x_wconf 79' lang='grc' dir='ltr'><strong>ὡς</strong></span> <span class='ocrx_word' id='word_1_124' title='bbox 696 1971 766 2042; x_wconf 78' lang='grc' dir='ltr'>Ζεὺς</span> <span class='ocrx_word' id='word_1_125' title='bbox 787 1973 892 2058; x_wconf 76' lang='grc' dir='ltr'><strong>μήποτ’</strong></span> <span class='ocrx_word' id='word_1_126' title='bbox 915 1965 1026 2060; x_wconf 74' lang='grc' dir='ltr'><strong>ἄρξοιεν</strong></span> <span class='ocrx_word' id='word_1_127' title='bbox 1048 1975 1135 2036; x_wconf 75' lang='grc' dir='ltr'><strong>θεῶν.</strong></span> 
     </span>
    </p>
   </div>
   <div class='ocr_carea' id='block_1_5' title="bbox 227 2092 1358 2383">
    <p class='ocr_par' dir='ltr' id='par_1_8' title="bbox 227 2092 1358 2383">
     <span class='ocr_line' id='line_1_18' title="bbox 229 2092 1356 2179; baseline 0.003 -26"><span class='ocrx_word' id='word_1_128' title='bbox 229 2095 263 2154; x_wconf 91' lang='lat' dir='ltr'><strong>ut</strong></span> <span class='ocrx_word' id='word_1_129' title='bbox 286 2109 375 2154; x_wconf 89' lang='lat' dir='ltr'><strong>usum</strong></span> <span class='ocrx_word' id='word_1_130' title='bbox 400 2093 586 2158; x_wconf 89' lang='lat' dir='ltr'><strong>nominativi</strong></span> <span class='ocrx_word' id='word_1_131' title='bbox 610 2093 703 2159; x_wconf 89' lang='lat' dir='ltr'><strong>soluti</strong></span> <span class='ocrx_word' id='word_1_132' title='bbox 728 2102 800 2179; x_wconf 89' lang='lat' dir='ltr'><strong>post</strong></span> <span class='ocrx_word' id='word_1_133' title='bbox 822 2115 938 2160; x_wconf 91' lang='lat' dir='ltr'><strong>nomeu</strong></span> <span class='ocrx_word' id='word_1_134' title='bbox 961 2096 1023 2160; x_wconf 91' lang='lat' dir='ltr'><strong>alio</strong></span> <span class='ocrx_word' id='word_1_135' title='bbox 1051 2095 1083 2159; x_wconf 91' lang='lat' dir='ltr'><strong>in</strong></span> <span class='ocrx_word' id='word_1_136' title='bbox 1112 2113 1186 2158; x_wconf 87' lang='lat' dir='ltr'><strong>casu</strong></span> <span class='ocrx_word' id='word_1_137' title='bbox 1219 2092 1356 2176; x_wconf 87' lang='lat' dir='ltr'><strong>positum</strong></span> 
     </span>
     <span class='ocr_line' id='line_1_19' title="bbox 228 2192 1356 2292; baseline 0.005 -38"><span class='ocrx_word' id='word_1_138' title='bbox 228 2192 422 2275; x_wconf 86' lang='lat' dir='ltr'><strong>comprobet,</strong></span> <span class='ocrx_word' id='word_1_139' title='bbox 445 2212 516 2258; x_wconf 91' lang='lat' dir='ltr'><strong>eum</strong></span> <span class='ocrx_word' id='word_1_140' title='bbox 540 2195 646 2277; x_wconf 80' lang='lat' dir='ltr'><strong>relego</strong></span> <span class='ocrx_word' id='word_1_141' title='bbox 663 2195 703 2260; x_wconf 93' lang='lat' dir='ltr'><strong>ad</strong></span> <span class='ocrx_word' id='word_1_142' title='bbox 720 2215 768 2277; x_wconf 89' lang='lat' dir='ltr'><strong>ea,</strong></span> <span class='ocrx_word' id='word_1_143' title='bbox 792 2217 872 2280; x_wconf 86' lang='lat' dir='ltr'><strong>quae</strong></span> <span class='ocrx_word' id='word_1_144' title='bbox 888 2196 1036 2264; x_wconf 85' lang='lat' dir='ltr'><strong>Hartciue</strong></span> <span class='ocrx_word' id='word_1_145' title='bbox 1052 2195 1206 2292; x_wconf 81' lang='lat' dir='ltr'><strong>exposuit.</strong></span> <span class='ocrx_word' id='word_1_146' title='bbox 1214 2193 1238 2278; x_wconf 92' lang='lat'><strong>¹)</strong></span> <span class='ocrx_word' id='word_1_147' title='bbox 1277 2192 1356 2260; x_wconf 89' lang='lat' dir='ltr'><strong>Nam</strong></span> 
     </span>
     <span class='ocr_line' id='line_1_20' title="bbox 227 2291 1358 2383; baseline 0.004 -27"><span class='ocrx_word' id='word_1_148' title='bbox 227 2293 252 2356; x_wconf 89' lang='grc' dir='ltr'><strong>οἱ</strong></span> <span class='ocrx_word' id='word_1_149' title='bbox 288 2291 338 2377; x_wconf 77' lang='grc' dir='ltr'><strong>μὲν</strong></span> <span class='ocrx_word' id='word_1_150' title='bbox 372 2295 509 2365; x_wconf 73' lang='grc' dir='ltr'><strong>θέλοντες</strong></span> <span class='ocrx_word' id='word_1_151' title='bbox 544 2317 607 2362; x_wconf 92' lang='lat' dir='ltr'><strong>non</strong></span> <span class='ocrx_word' id='word_1_152' title='bbox 645 2305 749 2383; x_wconf 83' lang='lat' dir='ltr'><strong>potest</strong></span> <span class='ocrx_word' id='word_1_153' title='bbox 785 2317 849 2364; x_wconf 91' lang='lat' dir='ltr'><strong>uon</strong></span> <span class='ocrx_word' id='word_1_154' title='bbox 887 2298 1016 2382; x_wconf 81' lang='lat' dir='ltr'><strong>adiungi</strong></span> <span class='ocrx_word' id='word_1_155' title='bbox 1053 2298 1095 2364; x_wconf 93' lang='lat' dir='ltr'><strong>ad</strong></span> <span class='ocrx_word' id='word_1_156' title='bbox 1131 2294 1358 2382; x_wconf 83' lang='lat' dir='ltr'><strong>praecedentia</strong></span> 
     </span>
    </p>
   </div>
   <div class='ocr_carea' id='block_1_6' title="bbox 224 2387 1357 2900">
    <p class='ocr_par' dir='ltr' id='par_1_9' title="bbox 224 2387 1357 2900">
     <span class='ocr_line' id='line_1_21' title="bbox 225 2387 1355 2488; baseline 0.001 -26"><span class='ocrx_word' id='word_1_157' title='bbox 225 2387 351 2486; x_wconf 70' lang='grc' dir='ltr'><strong>ἠρξοιντο</strong></span> <span class='ocrx_word' id='word_1_158' title='bbox 374 2401 514 2483; x_wconf 71' lang='lat' dir='ltr'><strong>deiparat,</strong></span> <span class='ocrx_word' id='word_1_159' title='bbox 539 2403 684 2487; x_wconf 82' lang='lat' dir='ltr'><strong>ut&#39;quasi</strong></span> <span class='ocrx_word' id='word_1_160' title='bbox 706 2403 751 2464; x_wconf 77' lang='lat' dir='ltr'><strong>leel</strong></span> <span class='ocrx_word' id='word_1_161' title='bbox 775 2404 862 2486; x_wconf 78' lang='grc' dir='ltr'><strong>μέσοι</strong></span> <span class='ocrx_word' id='word_1_162' title='bbox 885 2403 1106 2488; x_wconf 77' lang='lat' dir='ltr'><strong>interpositum</strong></span> <span class='ocrx_word' id='word_1_163' title='bbox 1122 2402 1163 2467; x_wconf 86' lang='lat' dir='ltr'><strong>sit</strong></span> <span class='ocrx_word' id='word_1_164' title='bbox 1178 2407 1276 2472; x_wconf 78' lang='grc' dir='ltr'><strong>στάσις</strong></span> <span class='ocrx_word' id='word_1_165' title='bbox 1289 2398 1355 2464; x_wconf 83' lang='grc' dir='ltr'><strong>τ’ἐν</strong></span> 
     </span>
     <span class='ocr_line' id='line_1_22' title="bbox 226 2503 1352 2594; baseline -0.002 -24"><span class='ocrx_word' id='word_1_166' title='bbox 226 2503 398 2590; x_wconf 61' lang='grc' dir='ltr'><strong>ἀλλήλοισιν</strong></span> <span class='ocrx_word' id='word_1_167' title='bbox 428 2504 603 2594; x_wconf 68' lang='lat' dir='ltr'><strong>Apollineum</strong></span> <span class='ocrx_word' id='word_1_168' title='bbox 642 2513 675 2571; x_wconf 89' lang='lat' dir='ltr'><strong>ct</strong></span> <span class='ocrx_word' id='word_1_169' title='bbox 702 2505 762 2572; x_wconf 92' lang='lat' dir='ltr'><strong>huc</strong></span> <span class='ocrx_word' id='word_1_170' title='bbox 789 2504 922 2588; x_wconf 87' lang='lat' dir='ltr'><strong>accedit,</strong></span> <span class='ocrx_word' id='word_1_171' title='bbox 957 2504 1040 2589; x_wconf 92' lang='lat' dir='ltr'><strong>quod</strong></span> <span class='ocrx_word' id='word_1_172' title='bbox 1073 2505 1106 2570; x_wconf 93' lang='lat' dir='ltr'><strong>in</strong></span> <span class='ocrx_word' id='word_1_173' title='bbox 1141 2504 1188 2570; x_wconf 92' lang='lat' dir='ltr'><strong>his</strong></span> <span class='ocrx_word' id='word_1_174' title='bbox 1216 2505 1352 2572; x_wconf 86' lang='lat' dir='ltr'><strong>uersibus</strong></span> 
     </span>
     <span class='ocr_line' id='line_1_23' title="bbox 225 2609 1354 2695; baseline -0.001 -22"><span class='ocrx_word' id='word_1_175' title='bbox 225 2609 311 2674; x_wconf 83' lang='lat' dir='ltr'><strong>inest</strong></span> <span class='ocrx_word' id='word_1_176' title='bbox 332 2611 489 2695; x_wconf 88' lang='lat' dir='ltr'><strong>appositio</strong></span> <span class='ocrx_word' id='word_1_177' title='bbox 513 2629 594 2695; x_wconf 89' lang='lat' dir='ltr'><strong>quac</strong></span> <span class='ocrx_word' id='word_1_178' title='bbox 618 2619 747 2678; x_wconf 89' lang='lat' dir='ltr'><strong>vocatur</strong></span> <span class='ocrx_word' id='word_1_179' title='bbox 769 2611 930 2693; x_wconf 75' lang='lat' dir='ltr'><strong>partitira3‘</strong></span> <span class='ocrx_word' id='word_1_180' title='bbox 954 2609 997 2674; x_wconf 84' lang='lat' dir='ltr'><strong>do</strong></span> <span class='ocrx_word' id='word_1_181' title='bbox 1017 2628 1081 2692; x_wconf 90' lang='lat' dir='ltr'><strong>qua</strong></span> <span class='ocrx_word' id='word_1_182' title='bbox 1102 2629 1129 2673; x_wconf 85' lang='lat' dir='ltr'><strong>v.</strong></span> <span class='ocrx_word' id='word_1_183' title='bbox 1155 2609 1238 2674; x_wconf 83' lang='lat' dir='ltr'><strong>inira</strong></span> <span class='ocrx_word' id='word_1_184' title='bbox 1259 2631 1281 2694; x_wconf 93' lang='lat' dir='ltr'><strong>p</strong></span> <span class='ocrx_word' id='word_1_185' title='bbox 1302 2609 1354 2672; x_wconf 78' lang='lat'><strong>28.</strong></span> 
     </span>
     <span class='ocr_line' id='line_1_24' title="bbox 224 2710 1357 2798; baseline -0.001 -20"><span class='ocrx_word' id='word_1_186' title='bbox 224 2710 322 2796; x_wconf 83' lang='lat' dir='ltr'><strong>Apud</strong></span> <span class='ocrx_word' id='word_1_187' title='bbox 345 2712 536 2798; x_wconf 85' lang='lat' dir='ltr'><strong>Aeschylum</strong></span> <span class='ocrx_word' id='word_1_188' title='bbox 561 2732 646 2796; x_wconf 78' lang='lat' dir='ltr'><strong>ergo,</strong></span> <span class='ocrx_word' id='word_1_189' title='bbox 669 2720 704 2779; x_wconf 94' lang='lat' dir='ltr'><strong>ut</strong></span> <span class='ocrx_word' id='word_1_190' title='bbox 726 2719 879 2798; x_wconf 85' lang='lat' dir='ltr'><strong>repetam,</strong></span> <span class='ocrx_word' id='word_1_191' title='bbox 903 2733 965 2778; x_wconf 91' lang='lat' dir='ltr'><strong>uon</strong></span> <span class='ocrx_word' id='word_1_192' title='bbox 982 2719 1086 2777; x_wconf 85' lang='lat' dir='ltr'><strong>exstat</strong></span> <span class='ocrx_word' id='word_1_193' title='bbox 1101 2711 1256 2777; x_wconf 91' lang='lat' dir='ltr'><strong>eiusmodi</strong></span> <span class='ocrx_word' id='word_1_194' title='bbox 1272 2731 1357 2793; x_wconf 90' lang='lat' dir='ltr'><strong>usus,</strong></span> 
     </span>
     <span class='ocr_line' id='line_1_25' title="bbox 227 2813 1355 2900; baseline -0.004 -20"><span class='ocrx_word' id='word_1_195' title='bbox 227 2821 262 2880; x_wconf 86' lang='lat' dir='ltr'><strong>ut</strong></span> <span class='ocrx_word' id='word_1_196' title='bbox 283 2815 439 2900; x_wconf 88' lang='lat' dir='ltr'><strong>participii</strong></span> <span class='ocrx_word' id='word_1_197' title='bbox 463 2817 676 2882; x_wconf 80' lang='lat' dir='ltr'><strong>nominativus</strong></span> <span class='ocrx_word' id='word_1_198' title='bbox 699 2816 918 2900; x_wconf 90' lang='lat' dir='ltr'><strong>subsequatur,</strong></span> <span class='ocrx_word' id='word_1_199' title='bbox 942 2835 1014 2880; x_wconf 93' lang='lat' dir='ltr'><strong>cum</strong></span> <span class='ocrx_word' id='word_1_200' title='bbox 1031 2813 1204 2900; x_wconf 84' lang='lat' dir='ltr'><strong>praecedat</strong></span> <span class='ocrx_word' id='word_1_201' title='bbox 1217 2813 1355 2877; x_wconf 87' lang='lat' dir='ltr'><strong>nominis</strong></span> 
     </span>
    </p>
   </div>
   <div class='ocr_carea' id='block_1_7' title="bbox 226 2915 1358 3723">
    <p class='ocr_par' dir='ltr' id='par_1_10' title="bbox 226 2915 1358 3312">
     <span class='ocr_line' id='line_1_26' title="bbox 227 2915 1356 3004; baseline -0.002 -23"><span class='ocrx_word' id='word_1_202' title='bbox 227 2917 309 2984; x_wconf 87' lang='lat' dir='ltr'><strong>alius</strong></span> <span class='ocrx_word' id='word_1_203' title='bbox 332 2936 442 3000; x_wconf 70' lang='lat' dir='ltr'><strong>casum</strong></span> <span class='ocrx_word' id='word_1_204' title='bbox 466 2919 550 3004; x_wconf 93' lang='lat' dir='ltr'><strong>apud</strong></span> <span class='ocrx_word' id='word_1_205' title='bbox 573 2921 735 3004; x_wconf 86' lang='lat' dir='ltr'><strong>prosaicos</strong></span> <span class='ocrx_word' id='word_1_206' title='bbox 758 2927 869 2985; x_wconf 88' lang='lat' dir='ltr'><strong>contra</strong></span> <span class='ocrx_word' id='word_1_207' title='bbox 883 2919 934 2985; x_wconf 94' lang='lat' dir='ltr'><strong>hic</strong></span> <span class='ocrx_word' id='word_1_208' title='bbox 950 2939 1024 2984; x_wconf 81' lang='lat' dir='ltr'><strong>usur</strong></span> <span class='ocrx_word' id='word_1_209' title='bbox 1039 2917 1190 2985; x_wconf 88' lang='lat' dir='ltr'><strong>latissime</strong></span> <span class='ocrx_word' id='word_1_210' title='bbox 1205 2915 1356 2996; x_wconf 84' lang='lat' dir='ltr'><strong>manavit,</strong></span> 
     </span>
     <span class='ocr_line' id='line_1_27' title="bbox 227 3015 1356 3104; baseline -0.004 -20"><span class='ocrx_word' id='word_1_211' title='bbox 227 3018 260 3084; x_wconf 91' lang='lat' dir='ltr'><strong>id</strong></span> <span class='ocrx_word' id='word_1_212' title='bbox 287 3020 369 3103; x_wconf 91' lang='lat' dir='ltr'><strong>quod</strong></span> <span class='ocrx_word' id='word_1_213' title='bbox 400 3041 462 3086; x_wconf 93' lang='lat' dir='ltr'><strong>nou</strong></span> <span class='ocrx_word' id='word_1_214' title='bbox 496 3020 627 3102; x_wconf 77' lang='lat' dir='ltr'><strong>effugiet</strong></span> <span class='ocrx_word' id='word_1_215' title='bbox 660 3042 746 3104; x_wconf 90' lang='lat' dir='ltr'><strong>eum,</strong></span> <span class='ocrx_word' id='word_1_216' title='bbox 781 3023 833 3104; x_wconf 91' lang='lat' dir='ltr'><strong>qui</strong></span> <span class='ocrx_word' id='word_1_217' title='bbox 856 3020 1085 3104; x_wconf 79' lang='lat' dir='ltr'><strong>Herodotum2)</strong></span> <span class='ocrx_word' id='word_1_218' title='bbox 1108 3015 1356 3104; x_wconf 53' lang='lat' dir='ltr'><strong>Thucydidem)</strong></span> 
     </span>
     <span class='ocr_line' id='line_1_28' title="bbox 227 3119 1358 3210; baseline -0.003 -23"><span class='ocrx_word' id='word_1_219' title='bbox 227 3119 423 3206; x_wconf 83' lang='lat' dir='ltr'><strong>Platonem⁴)</strong></span> <span class='ocrx_word' id='word_1_220' title='bbox 447 3124 527 3189; x_wconf 81' lang='lat' dir='ltr'><strong>alios</strong></span> <span class='ocrx_word' id='word_1_221' title='bbox 550 3123 731 3210; x_wconf 80' lang='lat' dir='ltr'><strong>perlegerit3</strong></span> <span class='ocrx_word' id='word_1_222' title='bbox 761 3144 892 3207; x_wconf 91' lang='lat' dir='ltr'><strong>quorum</strong></span> <span class='ocrx_word' id='word_1_223' title='bbox 921 3124 1068 3209; x_wconf 81' lang='lat' dir='ltr'><strong>exempla</strong></span> <span class='ocrx_word' id='word_1_224' title='bbox 1096 3123 1156 3188; x_wconf 91' lang='lat' dir='ltr'><strong>huc</strong></span> <span class='ocrx_word' id='word_1_225' title='bbox 1179 3121 1358 3206; x_wconf 90' lang='lat' dir='ltr'><strong>spectantia</strong></span> 
     </span>
     <span class='ocr_line' id='line_1_29' title="bbox 226 3226 637 3312; baseline 0.002 -22"><span class='ocrx_word' id='word_1_226' title='bbox 226 3245 413 3298; x_wconf 86' lang='lat' dir='ltr'><strong>enumerare</strong></span> <span class='ocrx_word' id='word_1_227' title='bbox 436 3226 637 3312; x_wconf 85' lang='lat' dir='ltr'><strong>supersedeo.</strong></span> 
     </span>
    </p>

    <p class='ocr_par' dir='ltr' id='par_1_11' title="bbox 226 3328 1358 3723">
     <span class='ocr_line' id='line_1_30' title="bbox 313 3328 1356 3413; baseline 0 -19"><span class='ocrx_word' id='word_1_228' title='bbox 313 3329 341 3394; x_wconf 88' lang='lat' dir='ltr'><strong>b.</strong></span> <span class='ocrx_word' id='word_1_229' title='bbox 365 3331 408 3394; x_wconf 91' lang='lat' dir='ltr'><strong>At</strong></span> <span class='ocrx_word' id='word_1_230' title='bbox 422 3335 525 3412; x_wconf 89' lang='lat' dir='ltr'><strong>erunt,</strong></span> <span class='ocrx_word' id='word_1_231' title='bbox 549 3331 600 3413; x_wconf 91' lang='lat' dir='ltr'><strong>qui</strong></span> <span class='ocrx_word' id='word_1_232' title='bbox 618 3329 813 3396; x_wconf 90' lang='lat' dir='ltr'><strong>contendant</strong></span> <span class='ocrx_word' id='word_1_233' title='bbox 827 3337 952 3397; x_wconf 84' lang='lat' dir='ltr'><strong>exstare</strong></span> <span class='ocrx_word' id='word_1_234' title='bbox 967 3331 1179 3396; x_wconf 88' lang='lat' dir='ltr'><strong>nominativos</strong></span> <span class='ocrx_word' id='word_1_235' title='bbox 1194 3328 1356 3394; x_wconf 88' lang='lat' dir='ltr'><strong>absolutos</strong></span> 
     </span>
     <span class='ocr_line' id='line_1_31' title="bbox 228 3430 1358 3519; baseline 0 -24"><span class='ocrx_word' id='word_1_236' title='bbox 228 3430 276 3496; x_wconf 88' lang='lat' dir='ltr'><strong>vel</strong></span> <span class='ocrx_word' id='word_1_237' title='bbox 299 3431 420 3498; x_wconf 87' lang='lat' dir='ltr'><strong>solutos</strong></span> <span class='ocrx_word' id='word_1_238' title='bbox 444 3433 496 3516; x_wconf 93' lang='lat' dir='ltr'><strong>qui</strong></span> <span class='ocrx_word' id='word_1_239' title='bbox 519 3432 665 3497; x_wconf 90' lang='lat' dir='ltr'><strong>dicuntur</strong></span> <span class='ocrx_word' id='word_1_240' title='bbox 687 3431 772 3518; x_wconf 93' lang='lat' dir='ltr'><strong>apud</strong></span> <span class='ocrx_word' id='word_1_241' title='bbox 795 3431 998 3519; x_wconf 84' lang='lat' dir='ltr'><strong>Aeschylum.</strong></span> <span class='ocrx_word' id='word_1_242' title='bbox 1034 3431 1117 3498; x_wconf 89' lang='lat' dir='ltr'><strong>Saue</strong></span> <span class='ocrx_word' id='word_1_243' title='bbox 1135 3438 1276 3511; x_wconf 83' lang='lat' dir='ltr'><strong>exstant3</strong></span> <span class='ocrx_word' id='word_1_244' title='bbox 1300 3430 1358 3496; x_wconf 89' lang='lat' dir='ltr'><strong>sed</strong></span> 
     </span>
     <span class='ocr_line' id='line_1_32' title="bbox 226 3532 1358 3620; baseline 0.001 -23"><span class='ocrx_word' id='word_1_245' title='bbox 226 3532 273 3616; x_wconf 91' lang='lat' dir='ltr'><strong>hi,</strong></span> <span class='ocrx_word' id='word_1_246' title='bbox 307 3533 366 3600; x_wconf 86' lang='lat' dir='ltr'><strong>etsi</strong></span> <span class='ocrx_word' id='word_1_247' title='bbox 400 3533 512 3601; x_wconf 88' lang='lat' dir='ltr'><strong>eodem</strong></span> <span class='ocrx_word' id='word_1_248' title='bbox 540 3535 742 3620; x_wconf 88' lang='lat' dir='ltr'><strong>appellantur</strong></span> <span class='ocrx_word' id='word_1_249' title='bbox 775 3537 918 3617; x_wconf 88' lang='lat' dir='ltr'><strong>nomine,</strong></span> <span class='ocrx_word' id='word_1_250' title='bbox 953 3535 1045 3601; x_wconf 85' lang='lat' dir='ltr'><strong>aliter</strong></span> <span class='ocrx_word' id='word_1_251' title='bbox 1077 3541 1150 3600; x_wconf 88' lang='lat' dir='ltr'><strong>suut</strong></span> <span class='ocrx_word' id='word_1_252' title='bbox 1183 3533 1358 3619; x_wconf 90' lang='lat' dir='ltr'><strong>comparati</strong></span> 
     </span>
     <span class='ocr_line' id='line_1_33' title="bbox 227 3635 1357 3723; baseline -0.002 -21"><span class='ocrx_word' id='word_1_253' title='bbox 227 3655 328 3720; x_wconf 88' lang='lat' dir='ltr'><strong>neque</strong></span> <span class='ocrx_word' id='word_1_254' title='bbox 350 3635 435 3721; x_wconf 91' lang='lat' dir='ltr'><strong>apud</strong></span> <span class='ocrx_word' id='word_1_255' title='bbox 459 3636 650 3723; x_wconf 88' lang='lat' dir='ltr'><strong>Aeschylum</strong></span> <span class='ocrx_word' id='word_1_256' title='bbox 675 3638 776 3704; x_wconf 93' lang='lat' dir='ltr'><strong>solum</strong></span> <span class='ocrx_word' id='word_1_257' title='bbox 800 3639 1017 3721; x_wconf 87' lang='lat' dir='ltr'><strong>inueniuntur,</strong></span> <span class='ocrx_word' id='word_1_258' title='bbox 1052 3636 1109 3703; x_wconf 89' lang='lat' dir='ltr'><strong>sed</strong></span> <span class='ocrx_word' id='word_1_259' title='bbox 1137 3635 1223 3722; x_wconf 91' lang='lat' dir='ltr'><strong>apud</strong></span> <span class='ocrx_word' id='word_1_260' title='bbox 1247 3655 1357 3702; x_wconf 87' lang='lat' dir='ltr'><strong>omnes</strong></span> 
     </span>
    </p>
   </div>
   <div class='ocr_carea' id='block_1_8' title="bbox 311 3841 1358 4172">
    <p class='ocr_par' dir='ltr' id='par_1_12' title="bbox 311 3841 1322 3998">
     <span class='ocr_line' id='line_1_34' title="bbox 313 3841 1322 3912; baseline -0.002 -16"><span class='ocrx_word' id='word_1_261' title='bbox 313 3841 337 3907; x_wconf 87' lang='grc'><strong>1)</strong></span> <span class='ocrx_word' id='word_1_262' title='bbox 355 3841 495 3907; x_wconf 79' lang='lat' dir='ltr'><strong>Hortalus,</strong></span> <span class='ocrx_word' id='word_1_263' title='bbox 515 3841 550 3896; x_wconf 90' lang='lat' dir='ltr'><strong>de</strong></span> <span class='ocrx_word' id='word_1_264' title='bbox 569 3841 675 3898; x_wconf 87' lang='lat' dir='ltr'><strong>anacol.</strong></span> <span class='ocrx_word' id='word_1_265' title='bbox 693 3841 767 3912; x_wconf 89' lang='lat' dir='ltr'><strong>apud</strong></span> <span class='ocrx_word' id='word_1_266' title='bbox 785 3842 915 3910; x_wconf 81' lang='lat' dir='ltr'><strong>Aeschyh</strong></span> <span class='ocrx_word' id='word_1_267' title='bbox 934 3846 963 3896; x_wconf 89' lang='lat' dir='ltr'><strong>et</strong></span> <span class='ocrx_word' id='word_1_268' title='bbox 981 3841 1147 3912; x_wconf 85' lang='lat' dir='ltr'><strong>Sophoclem</strong></span> <span class='ocrx_word' id='word_1_269' title='bbox 1168 3841 1243 3896; x_wconf 82' lang='grc'><strong>1856.</strong></span> <span class='ocrx_word' id='word_1_270' title='bbox 1261 3857 1279 3911; x_wconf 86' lang='lat' dir='ltr'><strong>p</strong></span> <span class='ocrx_word' id='word_1_271' title='bbox 1297 3841 1322 3894; x_wconf 82' lang='lat'><strong>9.</strong></span> 
     </span>
     <span class='ocr_line' id='line_1_35' title="bbox 311 3926 1115 3998; baseline 0.001 -17"><span class='ocrx_word' id='word_1_272' title='bbox 311 3926 332 3995; x_wconf 75' lang='lat'><strong>²)</strong></span> <span class='ocrx_word' id='word_1_273' title='bbox 352 3926 503 3992; x_wconf 77' lang='lat' dir='ltr'><strong>Melandor,</strong></span> <span class='ocrx_word' id='word_1_274' title='bbox 522 3927 556 3980; x_wconf 87' lang='lat' dir='ltr'><strong>de</strong></span> <span class='ocrx_word' id='word_1_275' title='bbox 575 3927 747 3982; x_wconf 87' lang='lat' dir='ltr'><strong>anacoluthis</strong></span> <span class='ocrx_word' id='word_1_276' title='bbox 765 3927 939 3984; x_wconf 86' lang='lat' dir='ltr'><strong>Herodotcis.</strong></span> <span class='ocrx_word' id='word_1_277' title='bbox 967 3945 985 3998; x_wconf 94' lang='lat' dir='ltr'><strong>p</strong></span> <span class='ocrx_word' id='word_1_278' title='bbox 1006 3929 1038 3981; x_wconf 87' lang='lat'><strong>10</strong></span> <span class='ocrx_word' id='word_1_279' title='bbox 1055 3943 1115 3996; x_wconf 86' lang='lat' dir='ltr'><strong>sqq.</strong></span> 
     </span>
    </p>

    <p class='ocr_par' dir='ltr' id='par_1_13' title="bbox 312 4009 1358 4172">
     <span class='ocr_line' id='line_1_36' title="bbox 312 4009 1357 4084; baseline -0.004 -18"><span class='ocrx_word' id='word_1_280' title='bbox 312 4012 335 4078; x_wconf 70' lang='grc'><strong>8)</strong></span> <span class='ocrx_word' id='word_1_281' title='bbox 353 4011 514 4084; x_wconf 83' lang='lat' dir='ltr'><strong>Kampiuer,</strong></span> <span class='ocrx_word' id='word_1_282' title='bbox 532 4013 566 4066; x_wconf 85' lang='lat' dir='ltr'><strong>de</strong></span> <span class='ocrx_word' id='word_1_283' title='bbox 585 4011 758 4072; x_wconf 82' lang='lat' dir='ltr'><strong>anacoluthis</strong></span> <span class='ocrx_word' id='word_1_284' title='bbox 776 4012 849 4083; x_wconf 92' lang='lat' dir='ltr'><strong>apud</strong></span> <span class='ocrx_word' id='word_1_285' title='bbox 860 4011 1059 4082; x_wconf 72' lang='lat' dir='ltr'><strong>Thucydidem.</strong></span> <span class='ocrx_word' id='word_1_286' title='bbox 1078 4009 1357 4078; x_wconf 59' lang='lat' dir='ltr'><strong>monstrataque.</strong></span> 
     </span>
     <span class='ocr_line' id='line_1_37' title="bbox 312 4094 1358 4172; baseline -0.006 -19"><span class='ocrx_word' id='word_1_287' title='bbox 312 4099 333 4172; x_wconf 77' lang='lat'><strong>⁴)</strong></span> <span class='ocrx_word' id='word_1_288' title='bbox 353 4098 533 4166; x_wconf 75' lang='lat' dir='ltr'><strong>Engalherdl,</strong></span> <span class='ocrx_word' id='word_1_289' title='bbox 556 4099 663 4153; x_wconf 86' lang='lat' dir='ltr'><strong>anacol.</strong></span> <span class='ocrx_word' id='word_1_290' title='bbox 687 4098 824 4154; x_wconf 87' lang='lat' dir='ltr'><strong>Platonic.</strong></span> <span class='ocrx_word' id='word_1_291' title='bbox 843 4115 918 4168; x_wconf 83' lang='lat' dir='ltr'><strong>spec.</strong></span> <span class='ocrx_word' id='word_1_292' title='bbox 939 4097 1031 4150; x_wconf 90' lang='lat' dir='ltr'><strong>l-lll</strong></span> <span class='ocrx_word' id='word_1_293' title='bbox 1051 4097 1095 4164; x_wconf 89' lang='lat' dir='ltr'><strong>[ci.</strong></span> <span class='ocrx_word' id='word_1_294' title='bbox 1118 4096 1165 4161; x_wconf 82' lang='grc' dir='ltr'><strong>ΙΙΙ,</strong></span> <span class='ocrx_word' id='word_1_295' title='bbox 1185 4109 1202 4166; x_wconf 93' lang='lat' dir='ltr'><strong>p</strong></span> <span class='ocrx_word' id='word_1_296' title='bbox 1221 4096 1256 4150; x_wconf 74' lang='lat'><strong>40</strong></span> <span class='ocrx_word' id='word_1_297' title='bbox 1273 4094 1358 4164; x_wconf 37' lang='lat' dir='ltr'><strong>qqq.]·</strong></span> 
     </span>
    </p>
   </div>
   <div class='ocr_carea' id='block_1_9' title="bbox 0 0 1548 4680">
    <p class='ocr_par' dir='ltr' id='par_1_14' title="bbox 0 0 1548 4680">
     <span class='ocr_line' id='line_1_38' title="bbox 0 0 1548 4680; baseline 0 0"><span class='ocrx_word' id='word_1_298' title='bbox 0 0 1548 4680; x_wconf 95' lang='lat' dir='ltr'><strong> </strong></span> 
     </span>
    </p>
   </div>
  </div>
 </body>
</html>
