3086 4680
621 251 834 331 μορ...

369 453 471 542 ἀγνῶτ’
490 459 591 521 Ιαὀοοθω
614 459 739 544 φθόγγον
763 458 893 545 ὀρνίθων,
918 459 999 544 κακῷ

368 565 534 634 κλάζοντας
557 565 659 652 οἴστρῳ
683 557 730 626 καὶ
753 563 1001 652 βεβαρβαρωμένῳ

163 701 233 746 cum
258 701 356 748 causa
371 682 603 769 discrepantiae
627 705 757 750 casuum
782 683 918 773 (ὀρνίθων
943 695 974 750 et
996 685 1174 769 κλάζοντας)
1200 679 1297 769 οοροέ

162 787 260 851 tenda
283 789 323 851 sit
345 809 385 852 ex
408 791 535 854 numine
559 791 639 874 ipso,
663 788 704 853 ad
728 789 811 873 quod
840 791 976 874 pertinet
1005 791 1216 875 participium,
1245 789 1294 853 vel

162 890 267 975 potius
296 911 335 954 ex
362 890 494 955 duorum
524 892 685 956 nominum
713 892 867 972 iunctura,
900 911 981 974 quae
1009 893 1097 974 quasi
1131 892 1162 955 in
1197 911 1292 956 unam

163 992 346 1057 coalescunt
369 994 546 1072 notionem3
572 1012 644 1057 narn
667 993 768 1058 ferma
791 995 915 1082 ὄρνιθας,
940 1013 1021 1077 quae
1050 994 1228 1078 postulatur
1254 995 1294 1058 ab

163 1097 348 1179 insequente
381 1098 555 1172 κλάζοντας,
592 1098 675 1162 inest
708 1098 740 1160 in
769 1098 872 1163 verbis
901 1099 1021 1185 ὀρνίθων
1051 1101 1185 1185 φθόγγον,
1211 1093 1296 1182 quod

163 1201 247 1266 idem
284 1209 332 1264 est
366 1210 459 1284 atque
493 1203 607 1289 ὄρνιθας
642 1203 860 1288 φθεγγομένους.
899 1201 1007 1285 ltaque
1035 1222 1105 1267 cum
1136 1203 1194 1267 hoc
1223 1203 1294 1270 loco

163 1307 397 1390 comparaveris
421 1305 577 1391 exempla,
602 1327 682 1390 quae
698 1307 834 1372 breviter
849 1306 938 1388 attigi
962 1309 1061 1391 p3.¹)
1083 1307 1152 1385 jHis
1173 1307 1295 1392 Sopho·

164 1408 243 1474 cleis
268 1408 408 1473 versibus
432 1417 506 1474 sunt
527 1408 583 1472 ille
607 1409 703 1473 verba
725 1406 842 1473 similia
864 1427 903 1472 ex
926 1405 1011 1492 lsylli
1037 1406 1198 1492 Epidaurii
1227 1429 1295 1474 ear-

164 1512 250 1576 minc
288 1519 424 1594 sumpta,
466 1530 545 1593 quae
582 1511 716 1592 legimns
757 1509 840 1594 apud
878 1507 1139 1575 Wilamcvitzium
1175 1519 1293 1595 quaest.

163 1613 272 1700 philol.
297 1610 341 1676 lX
363 1633 384 1696 p
407 1614 441 1676 9:

474 1715 523 1778 καὶ
544 1716 715 1801 ἐπεύχεσθαι
738 1716 884 1784 polluitur<

313 1829 401 1890 ,πᾶσιν
426 1820 470 1882 uisi
491 1820 601 1902 διδόμεν
623 1823 729 1890 τέκνοις
751 1819 776 1880 τ’
790 1820 893 1906 ἐρατᾶν
918 1819 1019 1902 ὑγίειαν

287 1942 291 1950 ’
319 1927 370 1988 τάν
393 1926 609 2008 καλοκαγαθίαν
631 1922 656 1987 τ’
676 1925 836 2011 Ἐτιθαοροῖ
860 1925 903 1988 cisi
926 1925 1056 2011 (θ)ρέτεν
1080 1927 1190 2012 ἀνδρῶν
1236 1983 1257 1988 ,.
1287 1993 1290 1998 ‚

320 2030 451 2112 εὐνομίαν
474 2053 504 2094 τε
528 2032 575 2094 καὶ
598 2033 710 2118 εἰράναν
734 2031 780 2092 καὶ
803 2030 964 2093 πλοῦτον
948 2037 1106 2116 αμερρῆ

321 2135 408 2222 ὥραις
431 2125 502 2208 ἐΕ’
487 2146 564 2222 ωρᾶν
587 2139 673 2218 νόμον
697 2135 741 2198 ἀεὶ
764 2136 843 2198 τόνδε
867 2133 1014 2216 σέβοντας,

168 2197 220 2302 uti
243 2256 312 2306 cum
335 2243 386 2304 τάν
409 2241 626 2324 καλοκαγαθίαν
649 2241 758 2327 ἀνδρων
782 2238 866 2304 idem
897 2240 938 2304 sit
966 2238 1049 2322 quud
1078 2238 1299 2322 καλοκαγαθοὺς

165 2343 280 2430 ἄνδρας,
305 2345 502 2412 accusativus
525 2346 683 2430 participii
706 2345 841 2428 σέβοντας
863 2349 970 2428 potest
993 2349 1079 2407 recte
1103 2343 1267 2427 applicari.
1272 2347 1299 2425 ²)

252 2446 303 2518 Ill.
328 2447 354 2514 N
361 2451 606 2516 ominativus:
630 2469 657 2515 a.
676 2448 740 2515 Sed
755 2449 859 2514 nullus
876 2448 956 2513 alius
978 2467 1081 2528 casus,
1099 2451 1173 2510 κατὰ
1190 2451 1299 2512 σύνεσιν

164 2552 298 2636 positus,
321 2553 353 2617 in
377 2552 500 2618 Graeco
523 2571 668 2637 sermone
684 2560 733 2618 est
747 2551 940 2636 frequendcr
954 2570 1049 2634 quam
1073 2553 1299 2634 nominativus,

165 2655 213 2718 ita
235 2661 352 2736 tamen,
376 2663 411 2720 ut
433 2655 512 2720 haec
536 2661 692 2720 structura
706 2661 859 2739 'tempora
886 2673 948 2720 nou
978 2654 1116 2735 attingat
1144 2657 1298 2739 antiquis·

165 2757 259 2837 sima,
293 2755 351 2820 sed
384 2757 558 2840 posteriore
592 2755 718 2822 demum
746 2762 851 2822 aetate
879 2756 972 2836 longe
1001 2755 1126 2838 lateque
1157 2759 1299 2844 pateat⁸)

165 2857 263 2940 idque
286 2859 318 2922 in
341 2878 435 2943 prose
458 2859 609 2924 oratione.
653 2858 757 2941 Atque
785 2857 817 2922 id
846 2866 895 2924 est
921 2864 1186 2938 consentaneum
1219 2860 1300 2926 haec

166 2967 324 3026 structura
347 2968 395 3027 est
418 2962 592 3048 aptissima,
614 2961 668 3030 ubi
691 2962 744 3047 qui
765 2981 786 3025 a
807 2964 925 3044 severis
946 2961 1068 3044 legibus
1083 2964 1299 3044 grammaticis

167 3061 290 3128 recedit
312 3063 447 3148 simplici
472 3062 644 3128 oboediens
660 3063 820 3144 cogitandi
838 3064 950 3129 rationi
968 3063 1105 3127 maxime
1122 3065 1299 3130 subiectum

166 3164 305 3244 logicum
330 3166 413 3248 quod
436 3165 550 3230 dicitur
572 3166 701 3250 respicit
722 3165 817 3248 idque
833 3165 986 3249 imprimis
1004 3165 1070 3232 vult
1085 3164 1199 3254 efferri,
1216 3166 1300 3249 quod

167 3265 205 3330 fit
226 3267 257 3331 ln
282 3266 378 3332 Thuc.
401 3266 442 3332 lll
471 3269 528 3332 36:
556 3268 618 3355 περὶ
645 3266 675 3330 δὲ
703 3274 760 3328 των
791 3268 900 3356 ἀνδρῶν
928 3268 1044 3351 γνώμας
1071 3266 1222 3341 ἐποιοῦντο,
1254 3269 1301 3331 καὶ

258 3473 279 3538 ¹)
300 3473 397 3541 ltaque
420 3472 585 3542 Blaydesius
613 3473 660 3536 (ud
688 3472 731 3526 lul.
749 3473 810 3537 479)
839 3487 894 3526 uun
921 3476 995 3525 recte
1022 3472 1095 3536 iecit,
1121 3473 1193 3540 quod
1211 3473 1300 3528 locum

169 3557 330 3625 Antigonae
349 3573 410 3610 cum
430 3557 473 3612 El.
491 3558 541 3611 479
561 3557 722 3627 composuit.

255 3642 276 3707 2)
294 3658 401 3696 versum
429 3647 553 3712 quartum
581 3642 725 3704 decimum,
754 3642 806 3694 etsi
829 3641 959 3696 ascribe
986 3646 1085 3711 postea
1112 3643 1222 3697 additus
1251 3651 1302 3726 est,

169 3732 262 3784 tamen
283 3744 299 3782 a
317 3732 402 3800 poeta
420 3744 480 3782 esse
499 3728 649 3798 profectum
669 3743 828 3798 persuasum
847 3726 943 3792 habeo,
962 3728 1062 3797 quippe
1081 3729 1130 3798 qui
1146 3729 1184 3784 sit
1196 3734 1303 3798 senteu-

170 3814 227 3868 tiae
246 3813 558 3879 accommodatissimum
577 3814 620 3868 siu
638 3817 730 3868 autem
749 3814 772 3866 is
791 3829 885 3867 versus
903 3812 1011 3881 spurius
1030 3817 1080 3878 est,
1098 3813 1196 3868 similis
1209 3816 1304 3871 existit

171 3915 285 3953 casuum
298 3899 431 3966 enallage,
445 3915 506 3952 cum
519 3899 554 3951 ad
567 3897 700 3958 πολιᾰταις
710 3897 882 3952 referendum
892 3903 967 3951 esset
981 3898 1154 3967 participium
1165 3895 1303 3966 sipontum

171 3999 242 4053 quae
269 3983 447 4038 anacoluthia
474 3998 527 4037 nou
555 3988 598 4036 est
625 3983 810 4055 comparanda
838 3999 909 4052 curu¹
928 3983 976 4038 (ih.
1000 3983 1060 4047 409,
1089 3983 1117 4035 id
1146 3983 1218 4051 quod
1247 3983 1305 4038 vult

172 4069 404 4134 Wilumovituius,
422 4069 473 4122 sed
492 4073 558 4123 cum'
572 4069 648 4124 Plat.
667 4069 786 4124 Phaedr.
805 4070 856 4123 275
875 4072 911 4123 A.

229 4207 231 4214 .
257 4155 282 4224 ³)
302 4153 412 4221 Heikel,
432 4155 466 4208 de
484 4157 555 4225 pun.
574 4155 648 4227 apud
666 4155 770 4210 Herod.
788 4171 838 4211 usu
857 4171 874 4226 p
893 4155 935 4210 30.
