<?xml version="1.0" encoding="UTF-8"?>
<!DOCTYPE html PUBLIC "-//W3C//DTD XHTML 1.0 Transitional//EN"
    "http://www.w3.org/TR/xhtml1/DTD/xhtml1-transitional.dtd">
<html xmlns="http://www.w3.org/1999/xhtml" xml:lang="en" lang="en">
 <head>
  <title>
</title>
<meta http-equiv="Content-Type" content="text/html;charset=utf-8" />
  <meta name='ocr-system' content='tesseract 3.04.00' />
  <meta name='ocr-capabilities' content='ocr_page ocr_carea ocr_par ocr_line ocrx_word'/>
</head>
<body>
  <div class='ocr_page' id='page_1' title='image "./deproprietatequ00haeugoog_0037.png"; bbox 0 0 3086 4680; ppageno 0'>
   <div class='ocr_carea' id='block_1_1' title="bbox 682 224 893 292">
    <p class='ocr_par' dir='ltr' id='par_1_1' title="bbox 682 224 893 292">
     <span class='ocr_line' id='line_1_1' title="bbox 682 224 893 292; baseline 0.005 -17"><span class='ocrx_word' id='word_1_1' title='bbox 682 224 893 292; x_wconf 52' lang='grc' dir='ltr'>..ομ</span> 
     </span>
    </p>
   </div>
   <div class='ocr_carea' id='block_1_2' title="bbox 220 403 1353 2352">
    <p class='ocr_par' dir='ltr' id='par_1_2' title="bbox 220 403 1353 998">
     <span class='ocr_line' id='line_1_2' title="bbox 221 403 1353 505; baseline 0.006 -26"><span class='ocrx_word' id='word_1_2' title='bbox 221 417 332 481; x_wconf 91' lang='lat' dir='ltr'>lterum</span> <span class='ocrx_word' id='word_1_3' title='bbox 368 414 486 502; x_wconf 88' lang='lat' dir='ltr'>aliquid</span> <span class='ocrx_word' id='word_1_4' title='bbox 523 417 595 482; x_wconf 88' lang='lat' dir='ltr'>noui</span> <span class='ocrx_word' id='word_1_5' title='bbox 634 416 736 499; x_wconf 81' lang='lat' dir='ltr'>addit,</span> <span class='ocrx_word' id='word_1_6' title='bbox 777 418 918 502; x_wconf 91' lang='lat' dir='ltr'>pluribus</span> <span class='ocrx_word' id='word_1_7' title='bbox 958 403 1122 486; x_wconf 67' lang='lat' dir='ltr'>sententiis</span> <span class='ocrx_word' id='word_1_8' title='bbox 1159 419 1353 505; x_wconf 78' lang='lat' dir='ltr'>interpositis</span> 
     </span>
     <span class='ocr_line' id='line_1_3' title="bbox 221 520 1352 606; baseline 0.003 -21"><span class='ocrx_word' id='word_1_9' title='bbox 221 527 380 604; x_wconf 89' lang='lat' dir='ltr'>postremo</span> <span class='ocrx_word' id='word_1_10' title='bbox 415 521 557 586; x_wconf 68' lang='lat' dir='ltr'>adnectit</span> <span class='ocrx_word' id='word_1_11' title='bbox 589 520 758 606; x_wconf 81' lang='lat' dir='ltr'>apodosin‚</span> <span class='ocrx_word' id='word_1_12' title='bbox 797 524 845 588; x_wconf 85' lang='lat' dir='ltr'>ita</span> <span class='ocrx_word' id='word_1_13' title='bbox 875 529 985 588; x_wconf 85' lang='lat' dir='ltr'>tamen</span> <span class='ocrx_word' id='word_1_14' title='bbox 1020 531 1054 588; x_wconf 92' lang='lat' dir='ltr'>ut</span> <span class='ocrx_word' id='word_1_15' title='bbox 1088 543 1126 587; x_wconf 89' lang='lat' dir='ltr'>ea</span> <span class='ocrx_word' id='word_1_16' title='bbox 1149 522 1189 587; x_wconf 86' lang='lat' dir='ltr'>ad</span> <span class='ocrx_word' id='word_1_17' title='bbox 1219 524 1352 588; x_wconf 85' lang='lat' dir='ltr'>formam</span> 
     </span>
     <span class='ocr_line' id='line_1_4' title="bbox 220 624 1349 708; baseline 0.001 -21"><span class='ocrx_word' id='word_1_18' title='bbox 220 632 382 707; x_wconf 85' lang='lat' dir='ltr'>protaseos</span> <span class='ocrx_word' id='word_1_19' title='bbox 399 645 460 690; x_wconf 89' lang='lat' dir='ltr'>non</span> <span class='ocrx_word' id='word_1_20' title='bbox 478 626 519 690; x_wconf 89' lang='lat' dir='ltr'>sit</span> <span class='ocrx_word' id='word_1_21' title='bbox 534 624 783 690; x_wconf 79' lang='lat' dir='ltr'>adcommodata.</span> <span class='ocrx_word' id='word_1_22' title='bbox 814 661 851 672; x_wconf 80' lang='lat'>-</span> <span class='ocrx_word' id='word_1_23' title='bbox 873 624 938 690; x_wconf 86' lang='lat' dir='ltr'>lum</span> <span class='ocrx_word' id='word_1_24' title='bbox 964 645 1037 691; x_wconf 88' lang='lat' dir='ltr'>vero</span> <span class='ocrx_word' id='word_1_25' title='bbox 1061 647 1100 690; x_wconf 85' lang='lat' dir='ltr'>ex</span> <span class='ocrx_word' id='word_1_26' title='bbox 1124 627 1169 690; x_wconf 91' lang='lat' dir='ltr'>eis</span> <span class='ocrx_word' id='word_1_27' title='bbox 1187 645 1266 708; x_wconf 83' lang='lat' dir='ltr'>quae</span> <span class='ocrx_word' id='word_1_28' title='bbox 1283 625 1349 690; x_wconf 86' lang='lat' dir='ltr'>dixi</span> 
     </span>
     <span class='ocr_line' id='line_1_5' title="bbox 221 725 1352 812; baseline 0.002 -22"><span class='ocrx_word' id='word_1_29' title='bbox 221 729 297 790; x_wconf 87' lang='lat' dir='ltr'>satis</span> <span class='ocrx_word' id='word_1_30' title='bbox 321 733 426 810; x_wconf 87' lang='lat' dir='ltr'>potest</span> <span class='ocrx_word' id='word_1_31' title='bbox 448 727 605 807; x_wconf 84' lang='lat' dir='ltr'>eognosoi‚</span> <span class='ocrx_word' id='word_1_32' title='bbox 630 746 723 808; x_wconf 90' lang='lat' dir='ltr'>quam</span> <span class='ocrx_word' id='word_1_33' title='bbox 748 725 904 792; x_wconf 90' lang='lat' dir='ltr'>diversum</span> <span class='ocrx_word' id='word_1_34' title='bbox 929 729 969 793; x_wconf 87' lang='lat' dir='ltr'>sit</span> <span class='ocrx_word' id='word_1_35' title='bbox 992 727 1052 792; x_wconf 85' lang='lat' dir='ltr'>hoo</span> <span class='ocrx_word' id='word_1_36' title='bbox 1074 748 1175 808; x_wconf 82' lang='lat' dir='ltr'>genus</span> <span class='ocrx_word' id='word_1_37' title='bbox 1196 729 1352 812; x_wconf 77' lang='lat' dir='ltr'>posterius</span> 
     </span>
     <span class='ocr_line' id='line_1_6' title="bbox 221 826 1352 912; baseline -0.002 -18"><span class='ocrx_word' id='word_1_38' title='bbox 221 831 260 894; x_wconf 87' lang='lat' dir='ltr'>ab</span> <span class='ocrx_word' id='word_1_39' title='bbox 284 829 337 893; x_wconf 93' lang='lat' dir='ltr'>illo</span> <span class='ocrx_word' id='word_1_40' title='bbox 360 828 479 912; x_wconf 88' lang='lat' dir='ltr'>priore,</span> <span class='ocrx_word' id='word_1_41' title='bbox 510 829 567 892; x_wconf 92' lang='lat' dir='ltr'>etsi</span> <span class='ocrx_word' id='word_1_42' title='bbox 593 826 705 895; x_wconf 86' lang='lat' dir='ltr'>eodem</span> <span class='ocrx_word' id='word_1_43' title='bbox 730 836 858 894; x_wconf 78' lang='lat' dir='ltr'>vocatur</span> <span class='ocrx_word' id='word_1_44' title='bbox 880 830 1021 896; x_wconf 88' lang='lat' dir='ltr'>nornine:</span> <span class='ocrx_word' id='word_1_45' title='bbox 1056 831 1122 894; x_wconf 87' lang='lat' dir='ltr'>sive</span> <span class='ocrx_word' id='word_1_46' title='bbox 1148 833 1221 892; x_wconf 80' lang='grc' dir='ltr'>κατὰ</span> <span class='ocrx_word' id='word_1_47' title='bbox 1244 831 1352 893; x_wconf 85' lang='grc' dir='ltr'>οόνεσιν</span> 
     </span>
     <span class='ocr_line' id='line_1_7' title="bbox 221 931 663 998; baseline -0.009 0"><span class='ocrx_word' id='word_1_48' title='bbox 221 937 286 998; x_wconf 89' lang='lat' dir='ltr'>sive</span> <span class='ocrx_word' id='word_1_49' title='bbox 311 931 494 995; x_wconf 89' lang='lat' dir='ltr'>nominativi</span> <span class='ocrx_word' id='word_1_50' title='bbox 519 931 663 996; x_wconf 86' lang='lat' dir='ltr'>absoluti.</span> 
     </span>
    </p>

    <p class='ocr_par' dir='ltr' id='par_1_3' title="bbox 221 1032 1352 2041">
     <span class='ocr_line' id='line_1_8' title="bbox 308 1032 1351 1120; baseline 0.002 -22"><span class='ocrx_word' id='word_1_51' title='bbox 308 1055 334 1098; x_wconf 88' lang='grc' dir='ltr'>ο.</span> <span class='ocrx_word' id='word_1_52' title='bbox 359 1035 502 1117; x_wconf 88' lang='lat' dir='ltr'>Denique</span> <span class='ocrx_word' id='word_1_53' title='bbox 534 1039 583 1102; x_wconf 84' lang='lat' dir='ltr'>est</span> <span class='ocrx_word' id='word_1_54' title='bbox 610 1032 804 1101; x_wconf 84' lang='lat' dir='ltr'>afferendum</span> <span class='ocrx_word' id='word_1_55' title='bbox 834 1037 974 1100; x_wconf 87' lang='lat' dir='ltr'>tertium</span> <span class='ocrx_word' id='word_1_56' title='bbox 992 1057 1107 1118; x_wconf 82' lang='lat' dir='ltr'>genus,</span> <span class='ocrx_word' id='word_1_57' title='bbox 1146 1037 1229 1120; x_wconf 91' lang='lat' dir='ltr'>quod</span> <span class='ocrx_word' id='word_1_58' title='bbox 1263 1039 1351 1120; x_wconf 89' lang='lat' dir='ltr'>quasi</span> 
     </span>
     <span class='ocr_line' id='line_1_9' title="bbox 221 1135 1352 1223; baseline 0.002 -21"><span class='ocrx_word' id='word_1_59' title='bbox 221 1146 307 1202; x_wconf 89' lang='lat' dir='ltr'>tenet</span> <span class='ocrx_word' id='word_1_60' title='bbox 330 1139 467 1202; x_wconf 91' lang='lat' dir='ltr'>medium</span> <span class='ocrx_word' id='word_1_61' title='bbox 491 1135 663 1216; x_wconf 70' lang='lat' dir='ltr'>interduo,</span> <span class='ocrx_word' id='word_1_62' title='bbox 686 1135 853 1219; x_wconf 89' lang='lat' dir='ltr'>dequibus</span> <span class='ocrx_word' id='word_1_63' title='bbox 869 1137 963 1204; x_wconf 94' lang='lat' dir='ltr'>modo</span> <span class='ocrx_word' id='word_1_64' title='bbox 979 1139 1217 1223; x_wconf 83' lang='lat' dir='ltr'>disputavimus.</span> <span class='ocrx_word' id='word_1_65' title='bbox 1253 1139 1352 1204; x_wconf 89' lang='lat' dir='ltr'>Huius</span> 
     </span>
     <span class='ocr_line' id='line_1_10' title="bbox 222 1238 1351 1324; baseline 0.002 -20"><span class='ocrx_word' id='word_1_66' title='bbox 222 1261 343 1324; x_wconf 90' lang='lat' dir='ltr'>quoque</span> <span class='ocrx_word' id='word_1_67' title='bbox 367 1239 491 1322; x_wconf 84' lang='lat' dir='ltr'>generis</span> <span class='ocrx_word' id='word_1_68' title='bbox 515 1239 662 1323; x_wconf 83' lang='lat' dir='ltr'>exempla</span> <span class='ocrx_word' id='word_1_69' title='bbox 685 1238 827 1307; x_wconf 86' lang='lat' dir='ltr'>adhibita</span> <span class='ocrx_word' id='word_1_70' title='bbox 849 1248 922 1307; x_wconf 91' lang='lat' dir='ltr'>sunt</span> <span class='ocrx_word' id='word_1_71' title='bbox 944 1241 985 1306; x_wconf 89' lang='lat' dir='ltr'>ad</span> <span class='ocrx_word' id='word_1_72' title='bbox 1013 1261 1143 1308; x_wconf 82' lang='lat' dir='ltr'>uasuum</span> <span class='ocrx_word' id='word_1_73' title='bbox 1174 1243 1351 1324; x_wconf 85' lang='lat' dir='ltr'>enallagen,</span> 
     </span>
     <span class='ocr_line' id='line_1_11' title="bbox 221 1341 1352 1427; baseline 0.002 -19"><span class='ocrx_word' id='word_1_74' title='bbox 221 1365 302 1427; x_wconf 86' lang='lat' dir='ltr'>quae</span> <span class='ocrx_word' id='word_1_75' title='bbox 325 1345 409 1408; x_wconf 85' lang='lat' dir='ltr'>inest</span> <span class='ocrx_word' id='word_1_76' title='bbox 432 1341 572 1425; x_wconf 84' lang='lat' dir='ltr'>Choeph.</span> <span class='ocrx_word' id='word_1_77' title='bbox 596 1343 669 1421; x_wconf 85' lang='grc'><strong>399,</strong></span> <span class='ocrx_word' id='word_1_78' title='bbox 698 1342 936 1426; x_wconf 63' lang='lat' dir='ltr'>explicandam</span> <span class='ocrx_word' id='word_1_79' title='bbox 971 1364 1032 1426; x_wconf 88' lang='lat' dir='ltr'>qua</span> <span class='ocrx_word' id='word_1_80' title='bbox 1060 1343 1100 1410; x_wconf 90' lang='lat' dir='ltr'>de</span> <span class='ocrx_word' id='word_1_81' title='bbox 1124 1363 1220 1410; x_wconf 86' lang='lat' dir='ltr'>ouusa</span> <span class='ocrx_word' id='word_1_82' title='bbox 1244 1344 1284 1410; x_wconf 89' lang='lat' dir='ltr'>de</span> <span class='ocrx_word' id='word_1_83' title='bbox 1306 1347 1352 1410; x_wconf 89' lang='lat' dir='ltr'>eis</span> 
     </span>
     <span class='ocr_line' id='line_1_12' title="bbox 222 1441 1351 1531; baseline 0.001 -21"><span class='ocrx_word' id='word_1_84' title='bbox 222 1447 355 1510; x_wconf 85' lang='lat' dir='ltr'>breviter</span> <span class='ocrx_word' id='word_1_85' title='bbox 378 1452 426 1510; x_wconf 93' lang='lat' dir='ltr'>est</span> <span class='ocrx_word' id='word_1_86' title='bbox 448 1442 627 1508; x_wconf 80' lang='lat' dir='ltr'>dicendum.</span> <span class='ocrx_word' id='word_1_87' title='bbox 663 1441 776 1511; x_wconf 82' lang='lat' dir='ltr'>Graeci</span> <span class='ocrx_word' id='word_1_88' title='bbox 799 1446 882 1511; x_wconf 90' lang='lat' dir='ltr'>enirn</span> <span class='ocrx_word' id='word_1_89' title='bbox 907 1444 1011 1514; x_wconf 88' lang='lat' dir='ltr'>solent</span> <span class='ocrx_word' id='word_1_90' title='bbox 1026 1447 1170 1514; x_wconf 88' lang='lat' dir='ltr'>notiones</span> <span class='ocrx_word' id='word_1_91' title='bbox 1188 1446 1351 1531; x_wconf 89' lang='lat' dir='ltr'>quasdam,</span> 
     </span>
     <span class='ocr_line' id='line_1_13' title="bbox 221 1545 1350 1634; baseline 0.001 -22"><span class='ocrx_word' id='word_1_92' title='bbox 221 1550 332 1632; x_wconf 89' lang='lat' dir='ltr'>quibus</span> <span class='ocrx_word' id='word_1_93' title='bbox 357 1567 471 1612; x_wconf 92' lang='lat' dir='ltr'>nomen</span> <span class='ocrx_word' id='word_1_94' title='bbox 495 1545 730 1628; x_wconf 85' lang='lat' dir='ltr'>determinatur,</span> <span class='ocrx_word' id='word_1_95' title='bbox 755 1549 813 1614; x_wconf 89' lang='lat' dir='ltr'>etsi</span> <span class='ocrx_word' id='word_1_96' title='bbox 837 1548 879 1612; x_wconf 89' lang='lat' dir='ltr'>ad</span> <span class='ocrx_word' id='word_1_97' title='bbox 902 1555 1001 1616; x_wconf 89' lang='lat' dir='ltr'>totum</span> <span class='ocrx_word' id='word_1_98' title='bbox 1025 1569 1141 1616; x_wconf 89' lang='lat' dir='ltr'>nomen</span> <span class='ocrx_word' id='word_1_99' title='bbox 1164 1571 1226 1615; x_wconf 93' lang='lat' dir='ltr'>non</span> <span class='ocrx_word' id='word_1_100' title='bbox 1253 1552 1350 1634; x_wconf 88' lang='lat' dir='ltr'>perti-</span> 
     </span>
     <span class='ocr_line' id='line_1_14' title="bbox 221 1649 1351 1736; baseline 0 -20"><span class='ocrx_word' id='word_1_101' title='bbox 221 1657 312 1734; x_wconf 79' lang='lat' dir='ltr'>nent,</span> <span class='ocrx_word' id='word_1_102' title='bbox 347 1650 403 1716; x_wconf 89' lang='lat' dir='ltr'>sed</span> <span class='ocrx_word' id='word_1_103' title='bbox 432 1651 473 1716; x_wconf 89' lang='lat' dir='ltr'>ad</span> <span class='ocrx_word' id='word_1_104' title='bbox 502 1670 596 1716; x_wconf 82' lang='lat' dir='ltr'>unum</span> <span class='ocrx_word' id='word_1_105' title='bbox 627 1650 693 1714; x_wconf 92' lang='lat' dir='ltr'>eius</span> <span class='ocrx_word' id='word_1_106' title='bbox 716 1649 862 1734; x_wconf 90' lang='lat' dir='ltr'>pluresve</span> <span class='ocrx_word' id='word_1_107' title='bbox 885 1657 1007 1735; x_wconf 86' lang='lat' dir='ltr'>partes,</span> <span class='ocrx_word' id='word_1_108' title='bbox 1041 1672 1104 1716; x_wconf 93' lang='lat' dir='ltr'>non</span> <span class='ocrx_word' id='word_1_109' title='bbox 1140 1651 1351 1736; x_wconf 65' lang='lat' dir='ltr'>hypotemisa</span> 
     </span>
     <span class='ocr_line' id='line_1_15' title="bbox 221 1750 1352 1840; baseline -0.002 -20"><span class='ocrx_word' id='word_1_110' title='bbox 221 1755 277 1820; x_wconf 91' lang='lat' dir='ltr'>sed</span> <span class='ocrx_word' id='word_1_111' title='bbox 299 1753 495 1840; x_wconf 85' lang='lat' dir='ltr'>perataotiee</span> <span class='ocrx_word' id='word_1_112' title='bbox 518 1750 702 1834; x_wconf 74' lang='lat' dir='ltr'>adnectere,</span> <span class='ocrx_word' id='word_1_113' title='bbox 736 1759 770 1816; x_wconf 93' lang='lat' dir='ltr'>ut</span> <span class='ocrx_word' id='word_1_114' title='bbox 796 1752 869 1818; x_wconf 89' lang='lat' dir='ltr'>illae</span> <span class='ocrx_word' id='word_1_115' title='bbox 903 1755 1045 1819; x_wconf 90' lang='lat' dir='ltr'>notiones</span> <span class='ocrx_word' id='word_1_116' title='bbox 1080 1753 1192 1818; x_wconf 91' lang='lat' dir='ltr'>eodem</span> <span class='ocrx_word' id='word_1_117' title='bbox 1225 1761 1352 1818; x_wconf 82' lang='lat' dir='ltr'>utantur</span> 
     </span>
     <span class='ocr_line' id='line_1_16' title="bbox 222 1853 1352 1940; baseline 0 -20"><span class='ocrx_word' id='word_1_118' title='bbox 222 1877 311 1937; x_wconf 83' lang='lat' dir='ltr'>casu,</span> <span class='ocrx_word' id='word_1_119' title='bbox 335 1876 396 1939; x_wconf 91' lang='lat' dir='ltr'>quo</span> <span class='ocrx_word' id='word_1_120' title='bbox 420 1876 550 1936; x_wconf 87' lang='lat' dir='ltr'>nomen,</span> <span class='ocrx_word' id='word_1_121' title='bbox 579 1853 662 1936; x_wconf 89' lang='lat' dir='ltr'>quod</span> <span class='ocrx_word' id='word_1_122' title='bbox 685 1857 862 1920; x_wconf 86' lang='lat' dir='ltr'>aoourutius</span> <span class='ocrx_word' id='word_1_123' title='bbox 885 1854 1046 1938; x_wconf 85' lang='lat' dir='ltr'>definitur,</span> <span class='ocrx_word' id='word_1_124' title='bbox 1070 1856 1101 1920; x_wconf 91' lang='lat' dir='ltr'>id</span> <span class='ocrx_word' id='word_1_125' title='bbox 1130 1857 1213 1940; x_wconf 89' lang='lat' dir='ltr'>quod</span> <span class='ocrx_word' id='word_1_126' title='bbox 1247 1856 1352 1928; x_wconf 78' lang='lat' dir='ltr'>lupide</span> 
     </span>
     <span class='ocr_line' id='line_1_17' title="bbox 221 1956 898 2041; baseline 0 -17"><span class='ocrx_word' id='word_1_127' title='bbox 221 1958 363 2024; x_wconf 78' lang='lat' dir='ltr'>desierat</span> <span class='ocrx_word' id='word_1_128' title='bbox 384 1956 462 2022; x_wconf 90' lang='lat' dir='ltr'>illud</span> <span class='ocrx_word' id='word_1_129' title='bbox 486 1956 693 2041; x_wconf 81' lang='lat' dir='ltr'>Sophocleum</span> <span class='ocrx_word' id='word_1_130' title='bbox 721 1956 797 2021; x_wconf 85' lang='lat' dir='ltr'>Plril.</span> <span class='ocrx_word' id='word_1_131' title='bbox 823 1958 898 2024; x_wconf 80' lang='lat'>645:</span> 
     </span>
    </p>

    <p class='ocr_par' dir='ltr' id='par_1_4' title="bbox 223 2059 1349 2352">
     <span class='ocr_line' id='line_1_18' title="bbox 426 2059 1088 2147; baseline 0 -25"><span class='ocrx_word' id='word_1_132' title='bbox 426 2059 495 2123; x_wconf 82' lang='grc' dir='ltr'>ἀλλ’</span> <span class='ocrx_word' id='word_1_133' title='bbox 519 2062 542 2122; x_wconf 85' lang='grc' dir='ltr'>εί</span> <span class='ocrx_word' id='word_1_134' title='bbox 564 2060 650 2136; x_wconf 75' lang='grc' dir='ltr'>δοκεῖ,</span> <span class='ocrx_word' id='word_1_135' title='bbox 674 2067 826 2147; x_wconf 78' lang='grc' dir='ltr'>χωρῶμεν,</span> <span class='ocrx_word' id='word_1_136' title='bbox 851 2061 965 2122; x_wconf 71' lang='grc' dir='ltr'>ἔνδοθεν</span> <span class='ocrx_word' id='word_1_137' title='bbox 988 2059 1088 2143; x_wconf 75' lang='grc' dir='ltr'>λαβὼν</span> 
     </span>
     <span class='ocr_line' id='line_1_19' title="bbox 426 2163 1050 2251; baseline 0 -25"><span class='ocrx_word' id='word_1_138' title='bbox 426 2167 490 2228; x_wconf 83' lang='grc' dir='ltr'>ὅτου</span> <span class='ocrx_word' id='word_1_139' title='bbox 514 2188 546 2226; x_wconf 87' lang='grc' dir='ltr'>σε</span> <span class='ocrx_word' id='word_1_140' title='bbox 569 2167 650 2251; x_wconf 80' lang='grc' dir='ltr'>χρεία</span> <span class='ocrx_word' id='word_1_141' title='bbox 673 2166 719 2226; x_wconf 89' lang='grc' dir='ltr'>καί</span> <span class='ocrx_word' id='word_1_142' title='bbox 742 2166 832 2234; x_wconf 76' lang='grc' dir='ltr'>πόθος</span> <span class='ocrx_word' id='word_1_143' title='bbox 855 2163 969 2247; x_wconf 73' lang='grc' dir='ltr'>μάλιστ’</span> <span class='ocrx_word' id='word_1_144' title='bbox 993 2166 1050 2250; x_wconf 79' lang='grc' dir='ltr'>ἔχει</span> 
     </span>
     <span class='ocr_line' id='line_1_20' title="bbox 223 2269 1349 2352; baseline -0.002 -18"><span class='ocrx_word' id='word_1_145' title='bbox 223 2271 271 2334; x_wconf 87' lang='lat' dir='ltr'>ubi</span> <span class='ocrx_word' id='word_1_146' title='bbox 297 2269 396 2352; x_wconf 79' lang='grc' dir='ltr'>λαβὼν</span> <span class='ocrx_word' id='word_1_147' title='bbox 419 2271 533 2350; x_wconf 76' lang='lat' dir='ltr'>corrigi</span> <span class='ocrx_word' id='word_1_148' title='bbox 557 2290 619 2335; x_wconf 89' lang='lat' dir='ltr'>non</span> <span class='ocrx_word' id='word_1_149' title='bbox 643 2269 729 2349; x_wconf 81' lang='lat' dir='ltr'>liuet3</span> <span class='ocrx_word' id='word_1_150' title='bbox 755 2269 837 2334; x_wconf 85' lang='lat' dir='ltr'>haud</span> <span class='ocrx_word' id='word_1_151' title='bbox 855 2270 1007 2336; x_wconf 82' lang='lat' dir='ltr'>dissimile</span> <span class='ocrx_word' id='word_1_152' title='bbox 1024 2277 1071 2334; x_wconf 88' lang='lat' dir='ltr'>est</span> <span class='ocrx_word' id='word_1_153' title='bbox 1085 2270 1180 2332; x_wconf 86' lang='lat' dir='ltr'>Arist.</span> <span class='ocrx_word' id='word_1_154' title='bbox 1199 2272 1255 2332; x_wconf 83' lang='grc' dir='ltr'>Αν.</span> <span class='ocrx_word' id='word_1_155' title='bbox 1272 2271 1349 2334; x_wconf 82' lang='lat'>203:</span> 
     </span>
    </p>
   </div>
   <div class='ocr_carea' id='block_1_3' title="bbox 221 2371 1118 2876">
    <p class='ocr_par' dir='ltr' id='par_1_5' title="bbox 221 2371 1118 2876">
     <span class='ocr_line' id='line_1_21' title="bbox 374 2371 1118 2460; baseline -0.001 -24"><span class='ocrx_word' id='word_1_156' title='bbox 374 2375 449 2460; x_wconf 77' lang='grc' dir='ltr'>δευρί</span> <span class='ocrx_word' id='word_1_157' title='bbox 471 2377 524 2460; x_wconf 66' lang='grc' dir='ltr'>μὰρ</span> <span class='ocrx_word' id='word_1_158' title='bbox 548 2372 638 2456; x_wconf 76' lang='grc' dir='ltr'>ἐμβάς</span> <span class='ocrx_word' id='word_1_159' title='bbox 661 2372 760 2434; x_wconf 81' lang='grc' dir='ltr'>αὐτίκα</span> <span class='ocrx_word' id='word_1_160' title='bbox 783 2371 853 2454; x_wconf 81' lang='grc' dir='ltr'>μαλ’</span> <span class='ocrx_word' id='word_1_161' title='bbox 867 2373 897 2442; x_wconf 80' lang='grc' dir='ltr'>ἐς</span> <span class='ocrx_word' id='word_1_162' title='bbox 920 2373 971 2456; x_wconf 81' lang='grc' dir='ltr'>τὴν</span> <span class='ocrx_word' id='word_1_163' title='bbox 993 2373 1118 2457; x_wconf 75' lang='grc' dir='ltr'>λόχμην,</span> 
     </span>
     <span class='ocr_line' id='line_1_22' title="bbox 374 2478 938 2564; baseline -0.007 -22"><span class='ocrx_word' id='word_1_164' title='bbox 374 2478 456 2542; x_wconf 71' lang='grc' dir='ltr'>ἔπειτ’</span> <span class='ocrx_word' id='word_1_165' title='bbox 481 2479 625 2564; x_wconf 61' lang='grc' dir='ltr'>ἀνεγείρας</span> <span class='ocrx_word' id='word_1_166' title='bbox 647 2479 699 2560; x_wconf 69' lang='lat' dir='ltr'>rip</span> <span class='ocrx_word' id='word_1_167' title='bbox 722 2478 797 2560; x_wconf 68' lang='grc' dir='ltr'>ἐμόν</span> <span class='ocrx_word' id='word_1_168' title='bbox 820 2478 938 2560; x_wconf 75' lang='grc' dir='ltr'>ἀηδόνα,</span> 
     </span>
     <span class='ocr_line' id='line_1_23' title="bbox 374 2581 653 2667; baseline -0.011 -20"><span class='ocrx_word' id='word_1_169' title='bbox 374 2586 517 2667; x_wconf 77' lang='grc' dir='ltr'>καλοῦμεν</span> <span class='ocrx_word' id='word_1_170' title='bbox 542 2581 653 2652; x_wconf 78' lang='grc' dir='ltr'>αὐτοὺς.</span> 
     </span>
     <span class='ocr_line' id='line_1_24' title="bbox 221 2687 743 2754; baseline -0.008 -2"><span class='ocrx_word' id='word_1_171' title='bbox 221 2687 370 2754; x_wconf 88' lang='lat' dir='ltr'>Nonnulli</span> <span class='ocrx_word' id='word_1_172' title='bbox 394 2688 528 2754; x_wconf 84' lang='lat' dir='ltr'>efferunt</span> <span class='ocrx_word' id='word_1_173' title='bbox 550 2687 642 2752; x_wconf 89' lang='lat' dir='ltr'>Eum.</span> <span class='ocrx_word' id='word_1_174' title='bbox 668 2689 743 2749; x_wconf 81' lang='lat'>141:</span> 
     </span>
     <span class='ocr_line' id='line_1_25' title="bbox 335 2777 1034 2876; baseline -0.004 -21"><span class='ocrx_word' id='word_1_175' title='bbox 335 2777 338 2784; x_wconf 35' lang='lat'><strong><em>⁴</em></strong></span> <span class='ocrx_word' id='word_1_176' title='bbox 427 2792 528 2876; x_wconf 53' lang='grc' dir='ltr'>εὕδεις</span> <span class='ocrx_word' id='word_1_177' title='bbox 553 2793 667 2866; x_wconf 82' lang='grc' dir='ltr'>ἀνίστω,</span> <span class='ocrx_word' id='word_1_178' title='bbox 692 2791 917 2852; x_wconf 81' lang='grc' dir='ltr'>κάπολακτίσασ’</span> <span class='ocrx_word' id='word_1_179' title='bbox 942 2789 1034 2866; x_wconf 68' lang='lat' dir='ltr'>leuel,</span> 
     </span>
    </p>
   </div>
   <div class='ocr_carea' id='block_1_4' title="bbox 220 2895 1355 4209">
    <p class='ocr_par' dir='ltr' id='par_1_6' title="bbox 220 2895 1355 4209">
     <span class='ocr_line' id='line_1_26' title="bbox 426 2895 989 2982; baseline -0.007 -23"><span class='ocrx_word' id='word_1_180' title='bbox 426 2895 546 2980; x_wconf 71' lang='grc' dir='ltr'>ἰδώμεθ’</span> <span class='ocrx_word' id='word_1_181' title='bbox 569 2897 593 2958; x_wconf 86' lang='grc' dir='ltr'>εί</span> <span class='ocrx_word' id='word_1_182' title='bbox 615 2918 639 2957; x_wconf 89' lang='grc' dir='ltr'>τι</span> <span class='ocrx_word' id='word_1_183' title='bbox 661 2896 741 2957; x_wconf 75' lang='grc' dir='ltr'>τοῦδε</span> <span class='ocrx_word' id='word_1_184' title='bbox 758 2895 885 2982; x_wconf 82' lang='grc' dir='ltr'>φροιμίου</span> <span class='ocrx_word' id='word_1_185' title='bbox 902 2895 989 2981; x_wconf 76' lang='grc' dir='ltr'>ματρί,</span> 
     </span>
     <span class='ocr_line' id='line_1_27' title="bbox 222 2993 1351 3085; baseline -0.008 -19"><span class='ocrx_word' id='word_1_186' title='bbox 222 3022 283 3085; x_wconf 91' lang='lat' dir='ltr'>quo</span> <span class='ocrx_word' id='word_1_187' title='bbox 308 3001 377 3066; x_wconf 85' lang='lat' dir='ltr'>loeo</span> <span class='ocrx_word' id='word_1_188' title='bbox 401 3001 432 3065; x_wconf 91' lang='lat' dir='ltr'>id</span> <span class='ocrx_word' id='word_1_189' title='bbox 456 3008 563 3065; x_wconf 84' lang='lat' dir='ltr'>tamen</span> <span class='ocrx_word' id='word_1_190' title='bbox 587 2999 793 3084; x_wconf 78' lang='lat' dir='ltr'>spectandum</span> <span class='ocrx_word' id='word_1_191' title='bbox 818 3007 874 3081; x_wconf 85' lang='lat' dir='ltr'>est,</span> <span class='ocrx_word' id='word_1_192' title='bbox 898 3019 969 3070; x_wconf 83' lang='lat' dir='ltr'>eum</span> <span class='ocrx_word' id='word_1_193' title='bbox 993 3018 1095 3065; x_wconf 86' lang='lat' dir='ltr'>sermo</span> <span class='ocrx_word' id='word_1_194' title='bbox 1119 2999 1160 3066; x_wconf 89' lang='lat' dir='ltr'>sit</span> <span class='ocrx_word' id='word_1_195' title='bbox 1182 2995 1221 3058; x_wconf 90' lang='lat' dir='ltr'>de</span> <span class='ocrx_word' id='word_1_196' title='bbox 1244 2993 1351 3074; x_wconf 83' lang='lat' dir='ltr'>choro,</span> 
     </span>
     <span class='ocr_line' id='line_1_28' title="bbox 222 3095 1297 3186; baseline -0.006 -18"><span class='ocrx_word' id='word_1_197' title='bbox 222 3105 317 3169; x_wconf 81' lang='lat' dir='ltr'>litere</span> <span class='ocrx_word' id='word_1_198' title='bbox 340 3103 435 3169; x_wconf 91' lang='lat' dir='ltr'>modo</span> <span class='ocrx_word' id='word_1_199' title='bbox 460 3103 499 3167; x_wconf 88' lang='lat' dir='ltr'>de</span> <span class='ocrx_word' id='word_1_200' title='bbox 522 3123 586 3168; x_wconf 90' lang='lat' dir='ltr'>una</span> <span class='ocrx_word' id='word_1_201' title='bbox 608 3120 748 3186; x_wconf 85' lang='lat' dir='ltr'>persone</span> <span class='ocrx_word' id='word_1_202' title='bbox 770 3103 911 3182; x_wconf 80' lang='lat' dir='ltr'>eogitari,</span> <span class='ocrx_word' id='word_1_203' title='bbox 935 3101 1029 3165; x_wconf 89' lang='lat' dir='ltr'>modo</span> <span class='ocrx_word' id='word_1_204' title='bbox 1053 3099 1093 3163; x_wconf 89' lang='lat' dir='ltr'>de</span> <span class='ocrx_word' id='word_1_205' title='bbox 1115 3097 1265 3184; x_wconf 87' lang='lat' dir='ltr'>pluribus.</span> <span class='ocrx_word' id='word_1_206' title='bbox 1274 3095 1297 3178; x_wconf 89' lang='lat'>¹)</span> 
     </span>
     <span class='ocr_line' id='line_1_29' title="bbox 308 3200 1352 3289; baseline -0.011 -19"><span class='ocrx_word' id='word_1_207' title='bbox 308 3206 368 3270; x_wconf 88' lang='lat' dir='ltr'>Hie</span> <span class='ocrx_word' id='word_1_208' title='bbox 391 3227 475 3288; x_wconf 80' lang='lat' dir='ltr'>usus,</span> <span class='ocrx_word' id='word_1_209' title='bbox 500 3225 559 3288; x_wconf 90' lang='lat' dir='ltr'>quo</span> <span class='ocrx_word' id='word_1_210' title='bbox 583 3206 734 3270; x_wconf 86' lang='lat' dir='ltr'>orationis</span> <span class='ocrx_word' id='word_1_211' title='bbox 757 3205 901 3268; x_wconf 85' lang='lat' dir='ltr'>membra</span> <span class='ocrx_word' id='word_1_212' title='bbox 916 3205 1109 3289; x_wconf 84' lang='lat' dir='ltr'>parataetioe</span> <span class='ocrx_word' id='word_1_213' title='bbox 1132 3200 1352 3278; x_wconf 74' lang='lat' dir='ltr'>adnectuntur,</span> 
     </span>
     <span class='ocr_line' id='line_1_30' title="bbox 220 3302 1351 3394; baseline -0.01 -21"><span class='ocrx_word' id='word_1_214' title='bbox 220 3311 262 3375; x_wconf 89' lang='lat' dir='ltr'>ibi</span> <span class='ocrx_word' id='word_1_215' title='bbox 285 3309 441 3384; x_wconf 85' lang='lat' dir='ltr'>latissime</span> <span class='ocrx_word' id='word_1_216' title='bbox 464 3316 561 3394; x_wconf 86' lang='lat' dir='ltr'>patet,</span> <span class='ocrx_word' id='word_1_217' title='bbox 585 3308 637 3371; x_wconf 92' lang='lat' dir='ltr'>ubl</span> <span class='ocrx_word' id='word_1_218' title='bbox 661 3307 803 3388; x_wconf 79' lang='lat' dir='ltr'>singulae</span> <span class='ocrx_word' id='word_1_219' title='bbox 826 3315 933 3391; x_wconf 88' lang='lat' dir='ltr'>partes</span> <span class='ocrx_word' id='word_1_220' title='bbox 949 3314 1060 3385; x_wconf 87' lang='lat' dir='ltr'>totum,</span> <span class='ocrx_word' id='word_1_221' title='bbox 1084 3302 1167 3387; x_wconf 89' lang='lat' dir='ltr'>quod</span> <span class='ocrx_word' id='word_1_222' title='bbox 1190 3309 1238 3366; x_wconf 88' lang='lat' dir='ltr'>est</span> <span class='ocrx_word' id='word_1_223' title='bbox 1260 3319 1351 3384; x_wconf 82' lang='lat' dir='ltr'>prae·</span> 
     </span>
     <span class='ocr_line' id='line_1_31' title="bbox 220 3401 1354 3496; baseline -0.011 -20"><span class='ocrx_word' id='word_1_224' title='bbox 220 3414 361 3494; x_wconf 88' lang='lat' dir='ltr'>missum,</span> <span class='ocrx_word' id='word_1_225' title='bbox 385 3417 566 3494; x_wconf 87' lang='lat' dir='ltr'>sequuntur.</span> <span class='ocrx_word' id='word_1_226' title='bbox 597 3408 649 3473; x_wconf 83' lang='lat' dir='ltr'>Sia</span> <span class='ocrx_word' id='word_1_227' title='bbox 672 3408 750 3474; x_wconf 82' lang='lat' dir='ltr'>dicit</span> <span class='ocrx_word' id='word_1_228' title='bbox 772 3407 972 3496; x_wconf 82' lang='lat' dir='ltr'>Thucydides</span> <span class='ocrx_word' id='word_1_229' title='bbox 995 3406 1121 3496; x_wconf 75' lang='lat' dir='ltr'>illst.</span> <span class='ocrx_word' id='word_1_230' title='bbox 1145 3407 1179 3468; x_wconf 83' lang='lat'>2:</span> <span class='ocrx_word' id='word_1_231' title='bbox 1203 3405 1232 3466; x_wconf 82' lang='grc' dir='ltr'>ἐν</span> <span class='ocrx_word' id='word_1_232' title='bbox 1249 3402 1296 3466; x_wconf 78' lang='grc' dir='ltr'>οὖν</span> <span class='ocrx_word' id='word_1_233' title='bbox 1313 3401 1354 3487; x_wconf 72' lang='grc' dir='ltr'>τῷ</span> 
     </span>
     <span class='ocr_line' id='line_1_32' title="bbox 220 3510 1354 3606; baseline -0.012 -23"><span class='ocrx_word' id='word_1_234' title='bbox 220 3517 314 3606; x_wconf 89' lang='grc' dir='ltr'>Νοτίιμ</span> <span class='ocrx_word' id='word_1_235' title='bbox 338 3517 363 3580; x_wconf 93' lang='grc' dir='ltr'>οί</span> <span class='ocrx_word' id='word_1_236' title='bbox 385 3517 594 3601; x_wconf 56' lang='grc' dir='ltr'>καταφυγόντες</span> <span class='ocrx_word' id='word_1_237' title='bbox 616 3513 664 3576; x_wconf 92' lang='grc' dir='ltr'>καί</span> <span class='ocrx_word' id='word_1_238' title='bbox 683 3515 901 3596; x_wconf 75' lang='grc' dir='ltr'>κατοικήσαντες</span> <span class='ocrx_word' id='word_1_239' title='bbox 921 3512 1020 3576; x_wconf 74' lang='grc' dir='ltr'>αὐτόθι</span> <span class='ocrx_word' id='word_1_240' title='bbox 1042 3510 1124 3579; x_wconf 73' lang='grc' dir='ltr'>αὖθις</span> <span class='ocrx_word' id='word_1_241' title='bbox 1139 3514 1354 3582; x_wconf 71' lang='grc' dir='ltr'>στασιάζοντες,</span> 
     </span>
     <span class='ocr_line' id='line_1_33' title="bbox 221 3614 1355 3705; baseline -0.01 -20"><span class='ocrx_word' id='word_1_242' title='bbox 221 3624 245 3684; x_wconf 82' lang='grc' dir='ltr'>υἱ</span> <span class='ocrx_word' id='word_1_243' title='bbox 268 3621 319 3705; x_wconf 80' lang='grc' dir='ltr'>μὲν</span> <span class='ocrx_word' id='word_1_244' title='bbox 339 3660 375 3670; x_wconf 78' lang='lat'>-</span> <span class='ocrx_word' id='word_1_245' title='bbox 392 3621 556 3704; x_wconf 72' lang='grc' dir='ltr'>ἐπαράμενοι</span> <span class='ocrx_word' id='word_1_246' title='bbox 579 3619 653 3703; x_wconf 78' lang='grc' dir='ltr'>είχον</span> <span class='ocrx_word' id='word_1_247' title='bbox 677 3618 724 3680; x_wconf 87' lang='grc' dir='ltr'>καί</span> <span class='ocrx_word' id='word_1_248' title='bbox 746 3624 802 3679; x_wconf 77' lang='grc' dir='ltr'>τῖον</span> <span class='ocrx_word' id='word_1_249' title='bbox 826 3619 858 3679; x_wconf 87' lang='grc' dir='ltr'>ἐκ</span> <span class='ocrx_word' id='word_1_250' title='bbox 880 3625 937 3701; x_wconf 75' lang='grc' dir='ltr'>τῆς</span> <span class='ocrx_word' id='word_1_251' title='bbox 952 3619 1011 3678; x_wconf 89' lang='grc' dir='ltr'>όινω</span> <span class='ocrx_word' id='word_1_252' title='bbox 1026 3617 1140 3684; x_wconf 81' lang='grc' dir='ltr'>πόλεως</span> <span class='ocrx_word' id='word_1_253' title='bbox 1157 3614 1355 3700; x_wconf 77' lang='grc' dir='ltr'>Κολοφωνίων</span> 
     </span>
     <span class='ocr_line' id='line_1_34' title="bbox 308 3783 1354 3861; baseline -0.01 -15"><span class='ocrx_word' id='word_1_254' title='bbox 308 3796 329 3861; x_wconf 86' lang='lat'>1)</span> <span class='ocrx_word' id='word_1_255' title='bbox 347 3796 418 3847; x_wconf 85' lang='lat' dir='ltr'>hune</span> <span class='ocrx_word' id='word_1_256' title='bbox 445 3809 522 3846; x_wconf 87' lang='lat' dir='ltr'>usum</span> <span class='ocrx_word' id='word_1_257' title='bbox 551 3791 682 3859; x_wconf 80' lang='lat' dir='ltr'>quasdam</span> <span class='ocrx_word' id='word_1_258' title='bbox 714 3790 845 3850; x_wconf 70' lang='lat' dir='ltr'>notiones„</span> <span class='ocrx_word' id='word_1_259' title='bbox 873 3789 1038 3844; x_wconf 78' lang='lat' dir='ltr'>adnectendi</span> <span class='ocrx_word' id='word_1_260' title='bbox 1068 3787 1218 3841; x_wconf 81' lang='lat' dir='ltr'>observans</span> <span class='ocrx_word' id='word_1_261' title='bbox 1248 3783 1354 3837; x_wconf 85' lang='lat' dir='ltr'>studuit</span> 
     </span>
     <span class='ocr_line' id='line_1_35' title="bbox 222 3877 1034 3934; baseline -0.009 -1"><span class='ocrx_word' id='word_1_262' title='bbox 222 3883 394 3934; x_wconf 85' lang='lat' dir='ltr'>Hermunnus</span> <span class='ocrx_word' id='word_1_263' title='bbox 413 3880 489 3932; x_wconf 89' lang='lat' dir='ltr'>Pers.</span> <span class='ocrx_word' id='word_1_264' title='bbox 507 3880 558 3932; x_wconf 80' lang='lat'>850</span> <span class='ocrx_word' id='word_1_265' title='bbox 577 3878 617 3931; x_wconf 85' lang='lat' dir='ltr'>sie</span> <span class='ocrx_word' id='word_1_266' title='bbox 634 3877 793 3930; x_wconf 84' lang='lat' dir='ltr'>restituere:</span> <span class='ocrx_word' id='word_1_267' title='bbox 1032 3919 1034 3926; x_wconf 80' lang='grc'>,</span> 
     </span>
     <span class='ocr_line' id='line_1_36' title="bbox 426 3957 1049 4032; baseline -0.013 -16"><span class='ocrx_word' id='word_1_268' title='bbox 426 3960 481 4016; x_wconf 74' lang='grc' dir='ltr'>ἀλλ’</span> <span class='ocrx_word' id='word_1_269' title='bbox 500 3959 565 4032; x_wconf 80' lang='grc' dir='ltr'>εἶμι,</span> <span class='ocrx_word' id='word_1_270' title='bbox 585 3961 630 4014; x_wconf 79' lang='grc' dir='ltr'>καί</span> <span class='ocrx_word' id='word_1_271' title='bbox 649 3962 768 4028; x_wconf 79' lang='grc' dir='ltr'>λαβοῦσα</span> <span class='ocrx_word' id='word_1_272' title='bbox 786 3957 889 4027; x_wconf 82' lang='grc' dir='ltr'>κόσμον</span> <span class='ocrx_word' id='word_1_273' title='bbox 906 3957 938 4010; x_wconf 79' lang='grc' dir='ltr'>ἐκ</span> <span class='ocrx_word' id='word_1_274' title='bbox 956 3958 1049 4028; x_wconf 76' lang='grc' dir='ltr'>δόμων</span> 
     </span>
     <span class='ocr_line' id='line_1_37' title="bbox 426 4043 917 4113; baseline -0.022 -10"><span class='ocrx_word' id='word_1_275' title='bbox 426 4049 598 4110; x_wconf 74' lang='grc' dir='ltr'>ὑπαντιάζειν</span> <span class='ocrx_word' id='word_1_276' title='bbox 615 4045 693 4097; x_wconf 73' lang='grc' dir='ltr'>παιδὶ</span> <span class='ocrx_word' id='word_1_277' title='bbox 711 4043 917 4113; x_wconf 74' lang='grc' dir='ltr'>πειρασώμεθα.</span> 
     </span>
     <span class='ocr_line' id='line_1_38' title="bbox 224 4131 847 4209; baseline -0.011 -18"><span class='ocrx_word' id='word_1_278' title='bbox 224 4155 292 4209; x_wconf 87' lang='lat' dir='ltr'>quae</span> <span class='ocrx_word' id='word_1_279' title='bbox 316 4137 474 4190; x_wconf 82' lang='lat' dir='ltr'>coniectura</span> <span class='ocrx_word' id='word_1_280' title='bbox 492 4151 545 4190; x_wconf 88' lang='lat' dir='ltr'>non</span> <span class='ocrx_word' id='word_1_281' title='bbox 564 4132 690 4186; x_wconf 86' lang='lat' dir='ltr'>omuibus</span> <span class='ocrx_word' id='word_1_282' title='bbox 708 4131 847 4199; x_wconf 74' lang='lat' dir='ltr'>probatus.</span> 
     </span>
    </p>
   </div>
   <div class='ocr_carea' id='block_1_5' title="bbox 0 0 1549 4676">
    <p class='ocr_par' dir='ltr' id='par_1_7' title="bbox 0 0 1549 4676">
     <span class='ocr_line' id='line_1_39' title="bbox 0 0 1549 4676; baseline 0 0"><span class='ocrx_word' id='word_1_283' title='bbox 0 0 1549 4676; x_wconf 95' lang='lat' dir='ltr'> </span> 
     </span>
    </p>
   </div>
  </div>
 </body>
</html>
