3086 4680
691 311 893 374 ..52„.

224 500 352 566 verbum
378 500 554 565 universam
580 498 736 565 sentiendi
760 501 923 566 notionem
948 499 1082 579 habeus,
1112 497 1194 583 quod
1222 500 1358 566 formam

224 603 347 689 accepit
358 603 605 690 participialem;
620 604 698 668 item
713 603 908 687 praecedunt
925 601 1230 684 circumlocutiones,
1246 605 1359 687 quibus

224 705 348 773 affectio
372 704 527 791 quaedam
551 707 754 786 significatur.
798 705 881 788 Ergo
905 706 956 771 hic
978 706 1066 772 locus
1090 707 1271 772 estsimilis
1295 707 1358 773 illi:

224 811 365 874 πέπαλται
397 808 421 873 λ’
435 811 502 874 αὖτέ
537 834 582 892 μοι
615 811 699 898 φίλον
732 813 801 898 κέαρ
835 811 915 873 τόνδε
948 811 1090 872 κλύουσαν
1125 811 1225 872 οἶκτον.
1277 808 1358 875 Nam

224 915 349 982 etiamsi
375 915 408 980 iu
436 917 598 981 enuntiato
626 915 778 1000 primario
808 935 982 1001 pronomen
1012 914 1179 1000 personale
1213 935 1276 980 non
1310 920 1360 981 est

225 1039 425 1106 expressum,
451 1024 559 1084 tamen
587 1017 738 1104 perfacile
766 1017 951 1084 subauditur
974 1018 1099 1084 dativus
1122 1042 1177 1102 por,
1201 1018 1242 1083 ad
1265 1039 1358 1102 quem

225 1123 532 1191 accommodandum
558 1130 606 1190 est
628 1124 831 1210 participium
855 1123 960 1186 κλύων.
1000 1122 1175 1208 Propterea
1198 1123 1260 1187 iam
1285 1141 1358 1207 pro·

224 1230 331 1315 posuit
352 1228 552 1296 Hermannus
575 1228 683 1312 (elem.
700 1227 798 1296 doctr.
824 1235 914 1295 metr.
937 1229 1051 1315 p279)
1067 1230 1195 1312 κλυούσᾳ
1217 1228 1360 1295 scriben-

225 1334 311 1417 dum,
335 1356 416 1419 quae
439 1337 620 1402 coniectura
643 1355 705 1400 non
730 1342 780 1402 est
801 1335 973 1420 probabilis
996 1342 1126 1421 proptor
1152 1333 1271 1400 hiatum
1294 1355 1359 1400 non

225 1438 406 1521 ferendum,
431 1441 483 1523 qui
507 1447 541 1504 ut
563 1440 733 1506 evitaretur
755 1436 951 1505 Wellauerus
975 1439 1068 1504 adh.
1092 1439 1112 1503 l.
1136 1440 1278 1502 κλύουσαν
1301 1458 1359 1522 pro

225 1546 353 1629 κλυούσᾳ
374 1543 545 1627 legendum
569 1543 667 1610 duxit.
704 1542 766 1608 Sed
788 1544 850 1610 hac
872 1543 1096 1611 emendatione
1119 1549 1266 1611 sanatum
1290 1563 1360 1610 esse

225 1656 325 1716 totum
340 1650 443 1716 locum
460 1668 524 1715 non
540 1648 712 1729 contend03
730 1669 802 1714 nam
819 1650 946 1734 plenam
963 1650 1088 1734 assequi
1104 1648 1358 1717 emendationem

227 1772 265 1821 eo
289 1761 338 1820 est
360 1751 535 1835 difficilius
562 1753 636 1836 quia
662 1750 747 1817 idem
776 1773 885 1818 versus
908 1752 1153 1837 antistrophicus
1177 1773 1272 1820 sanun
1296 1772 1360 1819 non

227 1862 290 1936 est3
319 1855 353 1921 id
375 1856 459 1942 quod
487 1876 549 1922 non
577 1854 720 1941 impedit,
748 1877 789 1922 ne
813 1855 992 1922 emendatio
1015 1857 1157 1920 κλύουσαν
1181 1857 1361 1941 recipiatur.

227 1960 297 2041 Qua
322 1969 453 2048 recepta
479 1961 566 2029 haud
593 1963 658 2029 scio
687 1983 727 2030 an
757 1962 869 2047 aliquis
899 1983 1004 2030 veram
1039 1962 1139 2047 possit
1171 1961 1361 2043 investigare

225 2065 406 2131 lectionem.

312 2168 424 2236 Restat
449 2190 545 2235 unum
573 2170 772 2257 exemplum,
806 2170 890 2254 quod
924 2169 1059 2236 eandem
1093 2169 1174 2236 duco
1208 2168 1362 2254 praebere

228 2272 400 2338 accusativi
415 2272 623 2359 participialis
639 2273 875 2359 proprietatem,
899 2275 958 2340 etsi
974 2273 1059 2340 idem
1077 2274 1170 2340 etiam
1187 2273 1250 2338 alio
1265 2271 1360 2339 modo

228 2396 322 2463 posse
344 2374 487 2461 expediri
510 2396 573 2442 non
596 2377 726 2457 inlitior3
748 2376 883 2459 legimus
906 2377 965 2458 Ag.
991 2378 1088 2442 1581:

436 2480 509 2542 οὓτω
533 2481 623 2543 καλὸν
646 2481 682 2565 δὴ
706 2481 753 2543 καὶ
775 2481 807 2543 τὸ
831 2483 982 2544 κατθανεῖν
1005 2482 1076 2565 epol,

435 2587 529 2649 ἰδόντα
553 2593 650 2650 τοῦτον
673 2587 726 2671 τῆς
749 2587 830 2672 δίκης
853 2587 882 2650 ἐν
906 2588 1022 2676 ἕρκεσιν.

319 2693 400 2758 Sunt
415 2692 512 2759 verba
526 2691 681 2775 Aegisthi,
701 2694 753 2777 qui
769 2691 885 2775 gaudio
902 2694 1031 2774 exultat,
1055 2693 1138 2778 quod
1155 2694 1363 2760 miserrimam

230 2796 308 2863 obiit
330 2796 550 2878 Agamemnon
575 2805 717 2863 mortem.
753 2795 813 2862 Hic
836 2796 934 2878 locus,
958 2799 1016 2863 etsi
1033 2798 1146 2881 legitur
1161 2798 1195 2862 in
1211 2796 1363 2878 diverbio,

228 2896 353 2965 accedit
374 2896 416 2964 ad
438 2903 594 2981 tenorem,
619 2900 671 2984 qui
687 2905 735 2966 est
749 2901 886 2984 partium
903 2900 1082 2985 lyricorum.
1119 2899 1221 2965 Simili
1240 2900 1365 2965 ratione

229 3023 291 3088 qua
302 3002 415 3068 ceteris
426 3000 515 3082 locis,
528 3002 671 3085 sequitur
683 3002 879 3067 accusativus
892 3002 1099 3088 participialis
1115 3004 1210 3067 ἰδόντα
1222 3002 1364 3069 dativum

229 3107 423 3194 pronominis
446 3129 506 3190 uoq
540 3115 574 3172 at
600 3107 769 3173 intercedit
797 3105 917 3190 aliquid
945 3106 1137 3174 discriminis
1171 3110 1253 3175 inter
1279 3107 1364 3174 huno

187 3197 189 3202 ¹
228 3214 334 3280 locum
357 3218 389 3278 et
411 3212 481 3280 illos
498 3211 593 3297 alios;
621 3213 792 3280 infinitivus
815 3213 875 3297 (sc.
898 3215 1063 3299 κατθανεῖν)
1087 3215 1170 3280 enim
1195 3213 1364 3280 adiunctus

229 3326 287 3403 ost,
310 3317 353 3384 ad
376 3338 468 3403 quem
487 3318 561 3384 licet
576 3320 791 3386 accusativum
813 3322 908 3385 ἰδόντα
931 3320 1040 3386 referri
1071 3317 1125 3399 (cf.
1147 3341 1178 3405 p.
1195 3318 1262 3404 31).
1301 3316 1365 3383 Gur

229 3424 313 3490 hunc
328 3425 431 3493 locum
447 3428 555 3490 tamen
571 3445 642 3490 cum
660 3425 787 3510 reliquis
805 3426 890 3491 velut
906 3425 1204 3511 chasamentum
1221 3423 1364 3509 probem,

230 3547 346 3594 causae
370 3534 443 3594 suut
465 3528 657 3612 complures3
680 3530 816 3615 primum
840 3528 967 3614 quidem
992 3527 1075 3614 quod
1097 3528 1270 3593 infinitivus
1291 3545 1363 3592 cum

230 3630 363 3699 articulo
386 3632 573 3698 coniunctus
596 3631 662 3697 abit
680 3631 713 3697 in
730 3633 794 3699 vim
818 3633 1021 3713 substantivi,
1045 3629 1161 3696 deinde
1184 3627 1268 3715 quod
1291 3649 1365 3714 pro·

230 3755 346 3801 nomeu
369 3735 464 3801 aliter
485 3733 674 3801 collocatum
698 3734 841 3801 videmus
864 3746 958 3820 atque
981 3736 1013 3799 in
1033 3735 1079 3800 eis
1100 3733 1264 3819 exemplis,
1284 3751 1366 3817 quae

230 3838 410 3906 accusativo
433 3838 591 3925 participii
615 3838 804 3905 infinitivum
821 3838 938 3905 habent
952 3839 1092 3904 iunctum
1105 3836 1171 3920 ·(cf.
1186 3857 1207 3923 p
1224 3839 1264 3901 31
1282 3835 1363 3920 sqq).

229 3940 285 4008 Eis
308 3941 394 4007 enim
415 3941 494 4009 locis
519 3961 589 4007 cum
619 3941 722 4009 soleat
747 3961 923 4028 pronomen
947 3943 1013 4007 sive
1042 3960 1157 4006 nomen
1185 3943 1261 4006 aute
1294 3939 1364 4006 iuli·

231 4045 362 4112 uitivum
396 4044 485 4131 poni,
523 4044 607 4131 apud
642 4044 835 4132 Aeschylum
873 4046 906 4109 in
940 4044 1189 4127 Agamemnonis
1222 4043 1365 4109 versibus

231 4148 355 4215 dativus
378 4148 514 4214 nominis
537 4148 619 4214 inter
641 4147 827 4216 infinitivum
845 4157 876 4214 et
891 4149 1092 4234 participium
1108 4147 1290 4212 interiectus
1307 4153 1365 4229 est,

232 4259 265 4317 ut
288 4253 436 4319 continuo
460 4251 583 4318 dativus
606 4274 652 4335 μοι
675 4252 851 4335 excipiatur
874 4251 1053 4316 accusativo
1081 4251 1186 4330 ἰλύντα,
1220 4249 1253 4313 id
1281 4248 1365 4332 quod
