3086 4680
683 265 893 328 ..15-

220 446 420 532 explicanda,
445 468 507 514 nou
531 468 588 534 per
614 451 828 516 accusativum
858 451 1046 516 absolutum.
1093 449 1283 515 Particulam
1312 448 1353 520 <bt

219 551 269 622 vel
292 553 390 641 decep
411 553 451 619 ab
474 552 565 620 initio
587 573 658 624 esse
686 556 935 640 comparativam
963 556 1045 621 inter
1072 576 1182 620 omnes
1217 562 1353 636 constit,

220 664 256 725 ut
291 659 437 743 primitus
471 679 511 724 ea
549 659 625 724 solis
662 660 837 745 participiis
875 681 956 744 quae
991 671 1143 727 vocantur
1176 661 1353 726 coniunctis

220 762 366 845 apposita
389 761 445 840 sit3
468 759 585 826 deinde
608 764 771 844 genetivus
794 762 957 830 absolutus
980 763 1094 828 eadem
1123 769 1171 829 est
1198 762 1355 848 particula

220 871 363 943 ornatum
375 863 524 948 denique
545 885 616 930 cum
633 863 713 930 haec
729 863 885 950 particula
899 866 940 937 ὡς
956 885 1026 930 eum
1048 866 1216 952 participio
1232 885 1355 932 conexa

221 969 310 1050 quasi
337 969 369 1036 in
398 968 560 1035 notionem
585 969 671 1035 verbi
700 970 857 1036 sentiendi
887 971 974 1036 abire
998 970 1167 1050 videretur,
1175 973 1200 1054 ¹)
1235 971 1353 1036 laetum

218 1077 282 1151 cst,
307 1080 342 1138 ut
366 1071 449 1139 sicut
472 1071 600 1136 verbum
629 1071 788 1138 sentiendi
817 1079 1017 1153 tractaretur,
1051 1073 1111 1139 hoc
1134 1080 1238 1139 estut
1261 1093 1355 1138 aecu-

220 1174 339 1240 sativus
361 1174 521 1261 participii
544 1180 736 1258 sequeretur.
783 1174 851 1252 Qua
879 1178 913 1240 in
941 1196 975 1240 re
1008 1183 1093 1242 recte
1128 1177 1245 1242 sentire
1278 1175 1355 1240 mihi

223 1275 330 1343 videor
353 1276 482 1357 idcirco,
506 1277 589 1361 quod
616 1278 699 1343 hunc
728 1297 819 1344 usum
846 1279 1017 1346 accusativi
1045 1279 1255 1364 participialia
1282 1299 1354 1345 eum

221 1380 262 1451 ὡς
284 1381 444 1446 coniuncti
468 1379 609 1446 nondum
633 1380 800 1462 Homerus,
824 1379 882 1447 sed
897 1380 1024 1446 demum
1041 1382 1226 1465 posterioris
1242 1383 1355 1447 aetatis

221 1486 392 1570 scriptores
415 1484 575 1566 exhibent,
599 1486 684 1551 velut
707 1485 880 1571 Sophocles
904 1485 983 1551 Oed.
1009 1485 1084 1568 θος.
1110 1487 1208 1554 1001:

427 1589 665 1676 ἁνθμηλαλοῦτας
688 1591 707 1674 ἠ
732 1593 811 1676 φόνῳ
835 1593 921 1676 φόνον
945 1590 1029 1654 πάλιν

426 1694 557 1769 λύοντας,
582 1693 623 1765 ὡς
645 1692 704 1758 ποθ’
728 1698 797 1778 αἷμα
820 1701 962 1782 χειμαζον
984 1697 1074 1759 πόλιν.

222 1799 271 1864 vel
294 1797 464 1884 Euripides
486 1798 605 1864 Phoen.
624 1802 721 1864 1462:

428 1891 520 1984 ἀνῇξε
541 1899 658 1990 θ’ὀμθός
681 1904 754 1973 λαός
776 1905 816 1973 εἰς
839 1903 894 1990 ἔριν
918 1905 1024 1988 λόγων,

430 2007 515 2090 ἡμεῖς
538 2005 589 2088 μὲν
613 2006 655 2078 ὡς
676 2014 797 2071 νικῶντα
819 2009 959 2092 δεσπότην
983 2009 1061 2091 ἐμὸν,

428 2113 454 2174 οἱ
476 2109 546 2182 δ’ὡς
568 2112 683 2176 ἐκεῖνον.

225 2215 276 2298 qui
311 2236 386 2281 usus
413 2236 477 2282 non
503 2217 661 2282 invenitur
688 2215 774 2302 apud
797 2218 1002 2302 Aeschylum,
1037 2224 1188 2302 quantum
1223 2216 1355 2284 iudicari

223 2317 298 2382 lieet
319 2337 359 2383 ex
382 2317 497 2385 fabulis
521 2321 752 2405 superstitibus.
778 2357 819 2366 ·-
842 2317 908 2385 lam
933 2341 1006 2386 veru
1022 2328 1166 2406 apparet,
1183 2319 1257 2404 qnid
1273 2320 1355 2385 iudi-

224 2419 359 2485 candum
383 2420 433 2503 vit,
456 2421 482 2514 si
507 2421 547 2492 ὡς
570 2441 641 2487 cum
665 2424 845 2488 accusativo
874 2423 1032 2508 participii
1060 2423 1216 2503 scribitur,
1246 2442 1355 2506 quam-

224 2545 317 2608 quam
339 2525 374 2590 in
396 2545 460 2590 une
488 2525 664 2611 eademque
692 2529 852 2595 sententia
880 2527 1045 2614 praeeedit
1074 2529 1123 2594 vel
1157 2529 1357 2612 subsequitur

224 2647 338 2693 nomen
374 2627 414 2692 ad
449 2629 533 2711 quod
567 2631 607 2696 sit
638 2631 840 2696 referendum
868 2632 1083 2716 participium,
1111 2631 1197 2697 velut
1222 2631 1357 2714 legimus

223 2731 318 2798 Arist.
337 2738 420 2817 poet.
445 2734 496 2797 20.
523 2736 605 2798 1457
629 2755 649 2798 a
673 2736 727 2799 12:
762 2735 791 2797 ἐν
814 2741 872 2804 τοῖς
894 2735 1002 2805 διπλοῖς
1024 2735 1057 2798 οὐ
1080 2736 1223 2834 χρώμεθα
1246 2734 1288 2806 ὡς
1309 2735 1357 2797 καὶ

224 2836 384 2901 αὐτὸκαθ’
408 2839 476 2902 αὐτὸ
507 2846 654 2922 σημαῖνον,
684 2839 737 2904 uhi
760 2840 801 2904 ob
824 2842 965 2928 χρώμεθα
989 2841 1114 2906 dativus
1142 2842 1356 2928 requiritur)

225 2942 266 3013 ὡς
274 2943 321 3008 καὶ
333 2945 409 3030 mim*
418 2941 487 3008 καθ’
496 2943 565 3008 αὑτὸ
579 2946 751 3028 σημαίνοντι,
770 2945 818 3012 vel
847 2944 1017 3012 Herodian.
1041 2945 1079 3012 ll.
1103 2948 1133 3010 3.
1158 2947 1192 3010 5:
1229 2947 1261 3010 τὸ
1285 2953 1357 3010 πάνυ

223 3037 313 3122 δεξιὸν
336 3048 415 3133 ὑμῶν
440 3099 446 3114 .
473 3100 479 3113 .
506 3100 513 3112 .
539 3051 624 3136 ἄλλῳ
648 3049 699 3134 μὲν
723 3053 757 3114 ἄν
781 3073 821 3136 τῳ
845 3052 956 3141 θάρσος
979 3051 1114 3136 ἐνέβαλεν
1139 3090 1178 3098 -
1204 3051 1245 3123 ὡς
1268 3052 1355 3135 εὐμα-

224 3161 282 3240 ρῶς
304 3154 356 3239 τὴν
380 3156 474 3245 ἀρχὴν
497 3157 640 3220 θιοίσαντα
662 3157 692 3218 ἐν
708 3159 876 3244 ἀρχομένοις
899 3157 990 3228 οθτως
1013 3157 1162 3220 εὐνοοῦσιν.
1170 3160 1197 3242 ³)
1237 3156 1355 3234 Quodsi

223 3260 391 3346 participio
424 3262 565 3327 neutrius
598 3262 723 3343 generis
757 3262 799 3332 dvc
830 3261 979 3345 iungitur,
1013 3271 1118 3348 petest
1151 3299 1193 3308 -
1227 3262 1357 3328 minime

223 3365 338 3448 ubique
361 3367 575 3433 necessarium
598 3372 647 3432 est
670 3401 708 3412 —
735 3366 795 3432 hoe
817 3386 941 3451 quoquc
963 3368 1163 3453 participium
1188 3387 1245 3452 pro
1261 3387 1353 3432 accu-

224 3573 267 3626 est
292 3570 444 3641 repetenda
471 3571 506 3625 ab
534 3570 687 3624 accusativi
718 3575 823 3626 natura.
859 3572 922 3625 Hes
951 3570 1036 3640 igitur
1064 3571 1194 3641 opinione
1224 3553 1357 3642 deceptus

223 3656 372 3710 Elmsleins
391 3672 452 3710 curn
468 3671 547 3726 'usum
566 3656 717 3710 accusativi
739 3655 860 3710 absoluti
883 3654 969 3710 multu
991 3656 1074 3712 letius
1096 3661 1191 3727 patere
1209 3673 1290 3726 quem
1309 3656 1357 3711 clii

223 3741 274 3796 viri
293 3742 372 3796 docti
394 3742 581 3796 demonstrare
605 3742 738 3806 studeret,
762 3742 788 3796 ei
813 3742 923 3807 cecidit,
942 3745 972 3796 ut
990 3741 1118 3815 exempla
1135 3743 1209 3798 inter
1225 3758 1256 3798 se
1275 3742 1357 3813 plane

223 3827 347 3898 disparia
365 3827 556 3892 confunderem
582 3826 647 3897 quin
667 3826 750 3880 etiarn
769 3827 839 3882 locis
857 3827 982 3896 quamvls
999 3828 1053 3882 fide
1072 3828 1202 3883 librorum
1225 3827 1357 3883 stabilitis

223 3913 410 3968 accusativum
427 3928 477 3984 pro
496 3927 565 3968 casu
582 3911 685 3966 tradito
703 3911 805 3966 inierre
824 3927 879 3966 nou
897 3911 1043 3968 dubitarit.

309 3997 331 4066 ¹)
348 3997 465 4064 Vahlen,
484 3997 520 4052 ad
538 3996 655 4052 Aristet.
674 3998 762 4068 pechl
779 4014 797 4068 p
816 3999 874 4054 214.

308 4083 329 4151 2)
350 4083 460 4138 Vahlen
480 4083 496 4137 l.
516 4083 533 4137 l.
552 4099 570 4153 p
589 4084 648 4137 214.

309 4169 330 4234 Β)
352 4169 574 4233 Wauncwskius,
592 4172 663 4238 synt.
682 4183 771 4237 graec.
791 4185 879 4226 auom.
897 4186 916 4240 p
938 4171 993 4224 124.
