3086 4680
628 287 837 349 ‚47-.

166 477 262 544 tionis
284 476 484 543 insolentiam
505 477 724 562 comprobant,
748 475 866 543 frustra
880 475 1137 559 investigabimus
1153 475 1184 539 in
1201 493 1295 559 prosa

166 575 324 661 onhonm
346 599 385 646 ac
406 578 546 665 protecto
569 580 770 646 inveniuntur
792 579 887 646 nulla.

695 771 767 850 es.

168 934 176 944 ·
254 899 354 978 Quam
381 899 444 964 late
472 903 579 964 autem
609 902 698 983 patet
730 896 809 964 haec
835 899 1011 984 proprietas
1045 897 1130 983 apud
1164 895 1294 983 poetas?

164 999 334 1085 Homerus,
357 1003 445 1068 cuius
467 1000 660 1087 temporibus
683 1001 881 1086 participium
905 1002 945 1067 ob
968 1001 1126 1068 verbalem
1149 1006 1294 1070 naturam

169 1107 338 1174 anomine
360 1125 418 1173 suo
440 1103 545 1190 quoad
567 1123 675 1172 casum
696 1124 851 1190 persaepe
870 1105 1057 1186 solvebatur,
1080 1105 1293 1172 accusativum

168 1210 325 1297 participii
337 1208 555 1276 antummodo
567 1208 702 1274 solutum
717 1207 821 1287 habet,
838 1208 891 1274 ubi
908 1209 1030 1274 iunctus
1046 1215 1095 1274 est
1112 1207 1295 1289 infinitivus,

168 1312 225 1380 sed
236 1332 390 1396 nusquam
402 1313 458 1395 ita,
470 1321 504 1379 ut
516 1310 596 1377 Plat.
611 1309 1006 1393 praeoccupandum,
1020 1318 1054 1376 ut
1066 1309 1205 1396 Ohoeph.
1222 1311 1294 1375 399.

169 1415 374 1501 Quamquam,
387 1414 568 1502 posterioris
584 1434 707 1499 quoque
730 1414 843 1480 aetatis
858 1423 970 1499 poetae
991 1418 1101 1481 carent
1115 1434 1154 1480 ea
1170 1413 1294 1480 dicendi

168 1518 369 1605 proprietate.
416 1517 525 1604 Neque
554 1516 709 1584 Pindarus
736 1538 839 1602 neque
865 1517 919 1583 alii
952 1526 1077 1604 praeter
1103 1518 1295 1604 Aeschylum

169 1629 203 1690 et
223 1621 411 1709 Sophoclem
434 1622 584 1690 exhibent
605 1622 760 1689 eiusmodi
783 1622 939 1708 exempla.
970 1621 1035 1689 Sed
1049 1624 1081 1688 in
1098 1621 1180 1688 huno
1202 1643 1295 1690 accu-

168 1727 261 1794 sativi
283 1726 490 1813 participialis
512 1743 603 1792 usum
626 1726 804 1792 referuntur
826 1727 866 1792 ab
889 1725 1009 1811 aliquot
1029 1727 1102 1794 viris
1117 1726 1218 1794 doctis
1233 1726 1296 1794 duo

167 1829 244 1912 loci,
277 1830 337 1897 etsi
370 1851 473 1915 neque
507 1829 660 1896 memoria
683 1829 803 1896 codicis
829 1837 902 1896 sunt
928 1829 1003 1896 certi
1032 1851 1134 1914 usque
1160 1827 1294 1898 eundem

168 1931 286 2000 habeut
304 1940 445 2000 tenorem
467 1940 561 2018 atque
577 1933 632 2016 illl,
649 1953 726 2017 quos
743 1931 836 1999 modo
853 1933 1065 2000 hactadmus.
1097 1933 1296 2001 Hermannus

171 2036 254 2102 enim
277 2035 387 2104 scribit
407 2034 472 2104 Eur
493 2031 608 2102 Bacch.
633 2035 763 2119 101821)

372 2137 414 2203 ἴθ’
438 2139 463 2202 do
486 2140 592 2226 Βάκχε,
616 2141 783 2227 θηραρρέπᾳ
806 2141 922 2227 Βακχᾶν

373 2247 492 2330 γελῶντι

372 2355 514 2440 προσώπῳ
538 2351 673 2439 περίβαλε
697 2352 809 2439 βρόχον,
834 2355 995 2417 ἐπιθανασι-

374 2482 426 2543 μον
451 2459 558 2544 ἀγέλαν
581 2464 703 2522 πεσόντα
726 2460 777 2522 τάν
801 2460 964 2523 Μαινάδων.

254 2563 296 2628 At
322 2565 456 2648 primum
484 2566 682 2631 accusativus
709 2568 831 2630 πεσόντα
857 2573 929 2651 post
961 2566 1102 2634 daurom
1130 2568 1296 2654 θηραῑρέτρ

168 2669 321 2734 memoria
342 2668 493 2735 librorum
515 2691 578 2737 non
601 2661 649 2737 est
669 2669 816 2754 traditum
850 2669 966 2737 deinde
992 2673 1019 2737 si
1041 2671 1175 2738 traditur
1198 2679 1295 2754 esset,

166 2775 274 2837 tamen
298 2771 324 2836 is
348 2779 433 2838 esset
455 2772 546 2840 aliter
568 2773 775 2860 explicandus
797 2780 892 2859 atque
913 2775 1013 2841 tribus
1035 2775 1129 2841 locis:
1153 2774 1208 2840 Oh.
1222 2777 1295 2858 399,

166 2873 253 2938 Pers.
277 2874 349 2939 890.
372 2872 520 2958 Ε1.’479;
556 2876 757 2963 periphrases
784 2877 869 2943 enim
896 2878 1031 2967 περίβαλε
1060 2877 1163 2967 βρόχον
1191 2885 1297 2965 potest

167 2976 335 3064 dupliciter
350 2981 499 3063 oonstmi,
522 2990 556 3048 ut
570 2981 663 3048 facile
679 2984 877 3051 accusativus
892 2984 1060 3070 participii,
1080 2986 1197 3071 quippe
1212 2985 1295 3069 quod

167 3082 255 3162 quasi
289 3082 445 3149 obiectum
480 3085 690 3170 intellegatur,
724 3088 860 3154 nominis
893 3087 1032 3154 daurom
1067 3093 1225 3172 sequatur,
1262 3088 1294 3154 id

168 3183 251 3267 quod
284 3186 381 3252 tribus
416 3187 477 3254 illis
510 3187 589 3256 locis
622 3210 685 3255 uon
719 3190 763 3255 lit.
808 3190 887 3271 Alii,
919 3190 1004 3257 velut
1030 3189 1228 3272 Wecklincs,
1262 3200 1296 3258 ct

167 3304 296 3352 casuum
324 3287 539 3376 discrepantia
564 3292 646 3358 inter
674 3311 788 3359 nomen
822 3296 856 3359 ct
889 3294 1089 3379 participium
1122 3293 1294 3379 tolleretur,

166 3389 284 3475 scripto
311 3393 475 3482 θηραῑρότρ
503 3393 609 3462 dativo
636 3402 809 3480 posuerunt
834 3402 945 3462 πεσόντι
972 3417 1029 3483 pro
1056 3401 1186 3462 πεσόντα.
1232 3399 1295 3466 Sed

166 3513 236 3560 cum
263 3517 365 3582 neque
393 3500 419 3565 si
447 3500 613 3567 scribimus
639 3501 804 3590 bqpoqperq
830 3509 952 3567 πεσόντα
980 3524 1082 3588 neque
1108 3505 1134 3570 si
1161 3503 1295 3587 legimus

165 3601 330 3690 hqpqutrq
351 3608 471 3680 πεσόντι,
494 3611 599 3672 textus
627 3605 735 3692 epodi,
762 3609 852 3676 cuius
879 3615 1010 3675 metrum
1045 3614 1093 3674 ert
1126 3608 1294 3694 turbatum,

164 3707 345 3774 restituatur
381 3728 484 3793 neque
521 3707 622 3776 codex
660 3710 808 3779 exhibeat
848 3712 986 3779 dativum
1025 3715 1198 3803 bqpoqpe'rq,
1237 3715 1294 3782 sed

164 3812 279 3902 θηραῑρ
303 3811 333 3896 (o
356 3833 376 3878 a
398 3815 589 3898 correctore)
611 3838 657 3898 τα,
680 3815 731 3883 hic
753 3824 802 3884 est
822 3817 911 3885 locus
926 3819 1056 3886 minime
1074 3819 1218 3904 idoneus,
1242 3824 1292 3907 qui

164 3926 365 4004 comparetur
386 3939 458 3985 cum
480 3920 582 3988 tribus
603 3921 666 3989 illis
688 3922 776 4006 locis,
798 3923 884 3990 velut
906 3922 953 3992 El.
977 3926 1050 3991 479.

248 4112 269 4190 ¹)
288 4137 369 4193 quem
389 4130 500 4181 secutus
519 4129 563 4180 est
581 4125 775 4190 Trawinslriua
802 4126 836 4181 de
859 4143 918 4182 acc.
941 4145 976 4184 ex
999 4129 1144 4200 phrasibus
1164 4135 1230 4199 apto
1249 4145 1292 4200 ap.

162 4211 232 4274 trag.
251 4225 269 4282 p
288 4211 330 4265 99.
