<?xml version="1.0" encoding="UTF-8"?>
<!DOCTYPE html PUBLIC "-//W3C//DTD XHTML 1.0 Transitional//EN"
    "http://www.w3.org/TR/xhtml1/DTD/xhtml1-transitional.dtd">
<html xmlns="http://www.w3.org/1999/xhtml" xml:lang="en" lang="en">
 <head>
  <title>
</title>
<meta http-equiv="Content-Type" content="text/html;charset=utf-8" />
  <meta name='ocr-system' content='tesseract 3.04.00' />
  <meta name='ocr-capabilities' content='ocr_page ocr_carea ocr_par ocr_line ocrx_word'/>
</head>
<body>
  <div class='ocr_page' id='page_1' title='image "./deproprietatequ00haeugoog_0048.png"; bbox 0 0 3086 4680; ppageno 0'>
   <div class='ocr_carea' id='block_1_1' title="bbox 630 238 842 308">
    <p class='ocr_par' dir='ltr' id='par_1_1' title="bbox 630 238 842 308">
     <span class='ocr_line' id='line_1_1' title="bbox 630 238 842 308; baseline 0.009 -16"><span class='ocrx_word' id='word_1_1' title='bbox 630 238 842 308; x_wconf 62' lang='grc'><strong>,39-</strong></span> 
     </span>
    </p>
   </div>
   <div class='ocr_carea' id='block_1_2' title="bbox 124 431 1311 1746">
    <p class='ocr_par' dir='ltr' id='par_1_2' title="bbox 124 431 1311 1746">
     <span class='ocr_line' id='line_1_2' title="bbox 170 431 1295 526; baseline 0.005 -28"><span class='ocrx_word' id='word_1_2' title='bbox 170 448 304 518; x_wconf 85' lang='lat' dir='ltr'><strong>cumque</strong></span> <span class='ocrx_word' id='word_1_3' title='bbox 319 451 426 500; x_wconf 86' lang='lat' dir='ltr'><strong>casum</strong></span> <span class='ocrx_word' id='word_1_4' title='bbox 430 451 545 519; x_wconf 86' lang='lat' dir='ltr'><strong>,quom</strong></span> <span class='ocrx_word' id='word_1_5' title='bbox 561 435 690 502; x_wconf 90' lang='lat' dir='ltr'><strong>verbum</strong></span> <span class='ocrx_word' id='word_1_6' title='bbox 706 435 828 501; x_wconf 80' lang='lat' dir='ltr'><strong>finitum</strong></span> <span class='ocrx_word' id='word_1_7' title='bbox 843 431 990 521; x_wconf 89' lang='lat' dir='ltr'><strong>postulat,</strong></span> <span class='ocrx_word' id='word_1_8' title='bbox 1012 433 1077 502; x_wconf 89' lang='lat' dir='ltr'><strong>sive</strong></span> <span class='ocrx_word' id='word_1_9' title='bbox 1093 434 1176 524; x_wconf 83' lang='lat' dir='ltr'><strong>quod</strong></span> <span class='ocrx_word' id='word_1_10' title='bbox 1192 433 1295 526; x_wconf 83' lang='lat' dir='ltr'><strong>dupli·</strong></span> 
     </span>
     <span class='ocr_line' id='line_1_3' title="bbox 170 538 1294 626; baseline 0.004 -24"><span class='ocrx_word' id='word_1_11' title='bbox 170 538 249 604; x_wconf 83' lang='lat' dir='ltr'><strong>citer</strong></span> <span class='ocrx_word' id='word_1_12' title='bbox 261 540 399 606; x_wconf 84' lang='lat' dir='ltr'><strong>construi</strong></span> <span class='ocrx_word' id='word_1_13' title='bbox 415 545 529 624; x_wconf 82' lang='lat' dir='ltr'><strong>potest,</strong></span> <span class='ocrx_word' id='word_1_14' title='bbox 544 541 611 608; x_wconf 86' lang='lat' dir='ltr'><strong>siva</strong></span> <span class='ocrx_word' id='word_1_15' title='bbox 625 539 710 623; x_wconf 85' lang='lat' dir='ltr'><strong>quod</strong></span> <span class='ocrx_word' id='word_1_16' title='bbox 723 539 855 626; x_wconf 81' lang='lat' dir='ltr'><strong>proclivi</strong></span> <span class='ocrx_word' id='word_1_17' title='bbox 868 541 1027 606; x_wconf 87' lang='lat' dir='ltr'><strong>transitu</strong></span> <span class='ocrx_word' id='word_1_18' title='bbox 1018 562 1050 606; x_wconf 92' lang='grc' dir='ltr'><strong>ιιι</strong></span> <span class='ocrx_word' id='word_1_19' title='bbox 1066 541 1152 614; x_wconf 83' lang='lat' dir='ltr'><strong>uliud</strong></span> <span class='ocrx_word' id='word_1_20' title='bbox 1168 543 1294 608; x_wconf 88' lang='lat' dir='ltr'><strong>verbum</strong></span> 
     </span>
     <span class='ocr_line' id='line_1_4' title="bbox 169 625 1296 730; baseline 0.004 -25"><span class='ocrx_word' id='word_1_21' title='bbox 169 625 310 707; x_wconf 83' lang='lat' dir='ltr'><strong>eiusdem</strong></span> <span class='ocrx_word' id='word_1_22' title='bbox 327 642 466 709; x_wconf 89' lang='lat' dir='ltr'><strong>notionis</strong></span> <span class='ocrx_word' id='word_1_23' title='bbox 480 641 560 726; x_wconf 80' lang='lat' dir='ltr'><strong>atit3</strong></span> <span class='ocrx_word' id='word_1_24' title='bbox 574 641 636 710; x_wconf 86' lang='lat' dir='ltr'><strong>hac</strong></span> <span class='ocrx_word' id='word_1_25' title='bbox 648 642 774 712; x_wconf 80' lang='lat' dir='ltr'><strong>ratione</strong></span> <span class='ocrx_word' id='word_1_26' title='bbox 788 641 973 730; x_wconf 86' lang='lat' dir='ltr'><strong>pierumque</strong></span> <span class='ocrx_word' id='word_1_27' title='bbox 984 645 1195 714; x_wconf 75' lang='lat' dir='ltr'><strong>nominativus</strong></span> <span class='ocrx_word' id='word_1_28' title='bbox 1206 665 1296 711; x_wconf 89' lang='lat' dir='ltr'><strong>usur-</strong></span> 
     </span>
     <span class='ocr_line' id='line_1_5' title="bbox 169 735 1296 866; baseline 0.004 -56"><span class='ocrx_word' id='word_1_29' title='bbox 169 750 263 829; x_wconf 87' lang='lat' dir='ltr'><strong>patus</strong></span> <span class='ocrx_word' id='word_1_30' title='bbox 274 751 326 812; x_wconf 88' lang='lat' dir='ltr'><strong>est</strong></span> <span class='ocrx_word' id='word_1_31' title='bbox 341 743 381 829; x_wconf 85' lang='grc' dir='ltr'><strong>(ΙΙ</strong></span> <span class='ocrx_word' id='word_1_32' title='bbox 393 746 414 826; x_wconf 63' lang='grc' dir='ltr'>θ</span> <span class='ocrx_word' id='word_1_33' title='bbox 424 745 445 809; x_wconf 99' lang='grc'>2</span> <span class='ocrx_word' id='word_1_34' title='bbox 456 765 478 832; x_wconf 88' lang='lat' dir='ltr'>p</span> <span class='ocrx_word' id='word_1_35' title='bbox 491 747 531 810; x_wconf 80' lang='lat'><strong>17</strong></span> <span class='ocrx_word' id='word_1_36' title='bbox 543 744 636 832; x_wconf 87' lang='lat' dir='ltr'><strong>sqq.).</strong></span> <span class='ocrx_word' id='word_1_37' title='bbox 648 781 690 794; x_wconf 88' lang='lat'>-</span> <span class='ocrx_word' id='word_1_38' title='bbox 701 744 846 866; x_wconf 76' lang='lat' dir='ltr'><strong>Denique</strong></span> <span class='ocrx_word' id='word_1_39' title='bbox 861 745 946 812; x_wconf 89' lang='lat' dir='ltr'><strong>aliud</strong></span> <span class='ocrx_word' id='word_1_40' title='bbox 958 746 1108 816; x_wconf 88' lang='lat' dir='ltr'><strong>orationis</strong></span> <span class='ocrx_word' id='word_1_41' title='bbox 1121 735 1296 818; x_wconf 74' lang='lat' dir='ltr'><strong>membrum</strong></span> 
     </span>
     <span class='ocr_line' id='line_1_6' title="bbox 169 845 1296 935; baseline 0.004 -22"><span class='ocrx_word' id='word_1_42' title='bbox 169 845 320 914; x_wconf 83' lang='lat' dir='ltr'><strong>alienavit</strong></span> <span class='ocrx_word' id='word_1_43' title='bbox 333 849 534 935; x_wconf 75' lang='lat' dir='ltr'><strong>participium</strong></span> <span class='ocrx_word' id='word_1_44' title='bbox 549 849 722 932; x_wconf 81' lang='lat' dir='ltr'><strong>onomius,</strong></span> <span class='ocrx_word' id='word_1_45' title='bbox 738 849 806 917; x_wconf 86' lang='lat' dir='ltr'><strong>sive</strong></span> <span class='ocrx_word' id='word_1_46' title='bbox 819 849 991 916; x_wconf 86' lang='lat' dir='ltr'><strong>infinitivus</strong></span> <span class='ocrx_word' id='word_1_47' title='bbox 1007 851 1131 918; x_wconf 88' lang='lat' dir='ltr'><strong>iunctus</strong></span> <span class='ocrx_word' id='word_1_48' title='bbox 1146 851 1211 924; x_wconf 86' lang='lat' dir='ltr'><strong>sive</strong></span> <span class='ocrx_word' id='word_1_49' title='bbox 1223 871 1296 918; x_wconf 87' lang='lat' dir='ltr'><strong>scn-</strong></span> 
     </span>
     <span class='ocr_line' id='line_1_7' title="bbox 169 949 1296 1041; baseline 0.003 -23"><span class='ocrx_word' id='word_1_50' title='bbox 169 952 272 1018; x_wconf 86' lang='lat' dir='ltr'><strong>tcntie</strong></span> <span class='ocrx_word' id='word_1_51' title='bbox 285 951 452 1020; x_wconf 85' lang='lat' dir='ltr'><strong>interiecta</strong></span> <span class='ocrx_word' id='word_1_52' title='bbox 466 949 508 1037; x_wconf 84' lang='grc' dir='ltr'><strong>(ΙΙ</strong></span> <span class='ocrx_word' id='word_1_53' title='bbox 523 954 543 1034; x_wconf 68' lang='lat'><strong>5</strong></span> <span class='ocrx_word' id='word_1_54' title='bbox 558 951 695 1040; x_wconf 78' lang='lat' dir='ltr'><strong>apso).</strong></span> <span class='ocrx_word' id='word_1_55' title='bbox 730 951 821 1032; x_wconf 80' lang='lat' dir='ltr'><strong>Quod</strong></span> <span class='ocrx_word' id='word_1_56' title='bbox 836 961 940 1019; x_wconf 89' lang='lat' dir='ltr'><strong>entem</strong></span> <span class='ocrx_word' id='word_1_57' title='bbox 957 953 1070 1019; x_wconf 89' lang='lat' dir='ltr'><strong>attinet</strong></span> <span class='ocrx_word' id='word_1_58' title='bbox 1085 955 1239 1041; x_wconf 81' lang='lat' dir='ltr'><strong>imppimir</strong></span> <span class='ocrx_word' id='word_1_59' title='bbox 1254 954 1296 1021; x_wconf 84' lang='lat' dir='ltr'><strong>ad</strong></span> 
     </span>
     <span class='ocr_line' id='line_1_8' title="bbox 170 1053 1296 1138; baseline 0.004 -18"><span class='ocrx_word' id='word_1_60' title='bbox 170 1055 382 1121; x_wconf 73' lang='lat' dir='ltr'><strong>accusativum</strong></span> <span class='ocrx_word' id='word_1_61' title='bbox 404 1091 448 1102; x_wconf 93' lang='lat'><strong>·-</strong></span> <span class='ocrx_word' id='word_1_62' title='bbox 469 1075 542 1122; x_wconf 88' lang='lat' dir='ltr'><strong>nam</strong></span> <span class='ocrx_word' id='word_1_63' title='bbox 567 1053 608 1122; x_wconf 86' lang='lat' dir='ltr'><strong>de</strong></span> <span class='ocrx_word' id='word_1_64' title='bbox 629 1055 689 1124; x_wconf 86' lang='lat' dir='ltr'><strong>hoc</strong></span> <span class='ocrx_word' id='word_1_65' title='bbox 707 1075 783 1124; x_wconf 87' lang='lat' dir='ltr'><strong>casu</strong></span> <span class='ocrx_word' id='word_1_66' title='bbox 805 1056 943 1127; x_wconf 81' lang='lat' dir='ltr'><strong>maxime</strong></span> <span class='ocrx_word' id='word_1_67' title='bbox 966 1058 1069 1138; x_wconf 74' lang='lat' dir='ltr'><strong>agitur</strong></span> <span class='ocrx_word' id='word_1_68' title='bbox 1091 1095 1131 1106; x_wconf 92' lang='lat'>-</span> <span class='ocrx_word' id='word_1_69' title='bbox 1154 1059 1181 1124; x_wconf 88' lang='lat' dir='ltr'><strong>is</strong></span> <span class='ocrx_word' id='word_1_70' title='bbox 1203 1075 1296 1124; x_wconf 88' lang='lat' dir='ltr'><strong>casus</strong></span> 
     </span>
     <span class='ocr_line' id='line_1_9' title="bbox 170 1156 1298 1246; baseline 0.005 -23"><span class='ocrx_word' id='word_1_71' title='bbox 170 1158 325 1224; x_wconf 83' lang='lat' dir='ltr'><strong>excitatur</strong></span> <span class='ocrx_word' id='word_1_72' title='bbox 346 1167 401 1225; x_wconf 90' lang='lat' dir='ltr'><strong>aut</strong></span> <span class='ocrx_word' id='word_1_73' title='bbox 422 1179 462 1225; x_wconf 83' lang='lat' dir='ltr'><strong>ex</strong></span> <span class='ocrx_word' id='word_1_74' title='bbox 484 1158 642 1234; x_wconf 72' lang='lat' dir='ltr'><strong>sententia</strong></span> <span class='ocrx_word' id='word_1_75' title='bbox 662 1159 733 1246; x_wconf 85' lang='lat' dir='ltr'><strong>ipsa</strong></span> <span class='ocrx_word' id='word_1_76' title='bbox 747 1156 780 1225; x_wconf 86' lang='lat' dir='ltr'><strong>id</strong></span> <span class='ocrx_word' id='word_1_77' title='bbox 795 1168 843 1226; x_wconf 87' lang='lat' dir='ltr'><strong>est</strong></span> <span class='ocrx_word' id='word_1_78' title='bbox 858 1177 878 1224; x_wconf 90' lang='lat' dir='ltr'><strong>a</strong></span> <span class='ocrx_word' id='word_1_79' title='bbox 893 1159 987 1224; x_wconf 88' lang='lat' dir='ltr'><strong>verbo</strong></span> <span class='ocrx_word' id='word_1_80' title='bbox 1002 1167 1141 1242; x_wconf 79' lang='lat' dir='ltr'><strong>rcgeute,</strong></span> <span class='ocrx_word' id='word_1_81' title='bbox 1163 1159 1197 1232; x_wconf 88' lang='lat' dir='ltr'><strong>id</strong></span> <span class='ocrx_word' id='word_1_82' title='bbox 1212 1159 1298 1244; x_wconf 86' lang='lat' dir='ltr'><strong>quod</strong></span> 
     </span>
     <span class='ocr_line' id='line_1_10' title="bbox 170 1260 1297 1348; baseline 0.001 -20"><span class='ocrx_word' id='word_1_83' title='bbox 170 1268 220 1328; x_wconf 81' lang='lat' dir='ltr'><strong>cst</strong></span> <span class='ocrx_word' id='word_1_84' title='bbox 233 1260 414 1346; x_wconf 77' lang='lat' dir='ltr'><strong>infrequens</strong></span> <span class='ocrx_word' id='word_1_85' title='bbox 430 1261 466 1348; x_wconf 86' lang='lat' dir='ltr'><strong>(p</strong></span> <span class='ocrx_word' id='word_1_86' title='bbox 480 1260 548 1346; x_wconf 85' lang='grc'><strong>20),</strong></span> <span class='ocrx_word' id='word_1_87' title='bbox 570 1269 626 1329; x_wconf 87' lang='lat' dir='ltr'><strong>aut</strong></span> <span class='ocrx_word' id='word_1_88' title='bbox 646 1263 775 1348; x_wconf 90' lang='lat' dir='ltr'><strong>ponitur</strong></span> <span class='ocrx_word' id='word_1_89' title='bbox 796 1268 924 1347; x_wconf 89' lang='lat' dir='ltr'><strong>propter</strong></span> <span class='ocrx_word' id='word_1_90' title='bbox 945 1261 1128 1338; x_wconf 78' lang='lat' dir='ltr'><strong>infinitivum</strong></span> <span class='ocrx_word' id='word_1_91' title='bbox 1144 1263 1297 1346; x_wconf 63' lang='lat' dir='ltr'><strong>iunctum</strong></span> 
     </span>
     <span class='ocr_line' id='line_1_11' title="bbox 169 1362 1311 1452; baseline 0.002 -24"><span class='ocrx_word' id='word_1_92' title='bbox 169 1362 205 1429; x_wconf 83' lang='lat' dir='ltr'><strong>id</strong></span> <span class='ocrx_word' id='word_1_93' title='bbox 231 1363 314 1449; x_wconf 87' lang='lat' dir='ltr'><strong>quod</strong></span> <span class='ocrx_word' id='word_1_94' title='bbox 336 1381 490 1452; x_wconf 85' lang='lat' dir='ltr'><strong>persaepe</strong></span> <span class='ocrx_word' id='word_1_95' title='bbox 512 1365 630 1432; x_wconf 83' lang='lat' dir='ltr'><strong>iactum</strong></span> <span class='ocrx_word' id='word_1_96' title='bbox 657 1371 705 1433; x_wconf 89' lang='lat' dir='ltr'><strong>cst</strong></span> <span class='ocrx_word' id='word_1_97' title='bbox 732 1363 769 1451; x_wconf 94' lang='lat' dir='ltr'><strong>(p</strong></span> <span class='ocrx_word' id='word_1_98' title='bbox 791 1365 860 1448; x_wconf 86' lang='lat'><strong>31),</strong></span> <span class='ocrx_word' id='word_1_99' title='bbox 883 1373 938 1431; x_wconf 86' lang='lat' dir='ltr'><strong>aut</strong></span> <span class='ocrx_word' id='word_1_100' title='bbox 963 1383 1021 1450; x_wconf 87' lang='lat' dir='ltr'><strong>per</strong></span> <span class='ocrx_word' id='word_1_101' title='bbox 1046 1366 1233 1452; x_wconf 77' lang='lat' dir='ltr'><strong>particulam</strong></span> <span class='ocrx_word' id='word_1_102' title='bbox 1258 1367 1311 1444; x_wconf 52' lang='grc' dir='ltr'><strong>ὡς,</strong></span> 
     </span>
     <span class='ocr_line' id='line_1_12' title="bbox 124 1467 1298 1558; baseline 0.001 -21"><span class='ocrx_word' id='word_1_103' title='bbox 124 1533 128 1537; x_wconf 88' lang='grc'>.</span> <span class='ocrx_word' id='word_1_104' title='bbox 169 1469 380 1538; x_wconf 82' lang='lat' dir='ltr'><strong>introducitur</strong></span> <span class='ocrx_word' id='word_1_105' title='bbox 402 1469 437 1558; x_wconf 91' lang='lat' dir='ltr'><strong>(p</strong></span> <span class='ocrx_word' id='word_1_106' title='bbox 461 1469 527 1555; x_wconf 83' lang='lat'>14),</span> <span class='ocrx_word' id='word_1_107' title='bbox 563 1476 620 1538; x_wconf 86' lang='lat' dir='ltr'><strong>aut</strong></span> <span class='ocrx_word' id='word_1_108' title='bbox 644 1467 821 1557; x_wconf 72' lang='lat' dir='ltr'><strong>explicatur</strong></span> <span class='ocrx_word' id='word_1_109' title='bbox 848 1490 906 1556; x_wconf 85' lang='lat' dir='ltr'><strong>per</strong></span> <span class='ocrx_word' id='word_1_110' title='bbox 927 1489 1033 1537; x_wconf 86' lang='lat' dir='ltr'><strong>veram</strong></span> <span class='ocrx_word' id='word_1_111' title='bbox 1061 1471 1298 1551; x_wconf 81' lang='lat' dir='ltr'><strong>anacoluthiem</strong></span> 
     </span>
     <span class='ocr_line' id='line_1_13' title="bbox 170 1572 1298 1662; baseline 0.004 -24"><span class='ocrx_word' id='word_1_112' title='bbox 170 1575 207 1660; x_wconf 90' lang='lat' dir='ltr'><strong>(p</strong></span> <span class='ocrx_word' id='word_1_113' title='bbox 231 1575 299 1662; x_wconf 83' lang='grc'>16);</span> <span class='ocrx_word' id='word_1_114' title='bbox 322 1574 379 1642; x_wconf 83' lang='lat' dir='ltr'><strong>aeri</strong></span> <span class='ocrx_word' id='word_1_115' title='bbox 400 1595 442 1642; x_wconf 85' lang='lat' dir='ltr'><strong>ue</strong></span> <span class='ocrx_word' id='word_1_116' title='bbox 464 1581 640 1643; x_wconf 69' lang='lat' dir='ltr'><strong>eminemus</strong></span> <span class='ocrx_word' id='word_1_117' title='bbox 660 1574 873 1651; x_wconf 72' lang='lat' dir='ltr'><strong>accusativum</strong></span> <span class='ocrx_word' id='word_1_118' title='bbox 898 1595 971 1640; x_wconf 86' lang='lat' dir='ltr'><strong>vere</strong></span> <span class='ocrx_word' id='word_1_119' title='bbox 993 1572 1181 1659; x_wconf 86' lang='lat' dir='ltr'><strong>absolutum,</strong></span> <span class='ocrx_word' id='word_1_120' title='bbox 1205 1597 1298 1645; x_wconf 85' lang='lat' dir='ltr'><strong>care·</strong></span> 
     </span>
     <span class='ocr_line' id='line_1_14' title="bbox 170 1688 1123 1746; baseline 0.004 -2"><span class='ocrx_word' id='word_1_121' title='bbox 170 1699 261 1745; x_wconf 89' lang='lat' dir='ltr'><strong>amus</strong></span> <span class='ocrx_word' id='word_1_122' title='bbox 284 1699 416 1746; x_wconf 80' lang='lat' dir='ltr'><strong>uacasse</strong></span> <span class='ocrx_word' id='word_1_123' title='bbox 439 1688 496 1746; x_wconf 84' lang='lat' dir='ltr'><strong>cst.</strong></span> <span class='ocrx_word' id='word_1_124' title='bbox 1122 1712 1123 1716; x_wconf 38' lang='lat'>¹</span> 
     </span>
    </p>
   </div>
   <div class='ocr_carea' id='block_1_3' title="bbox 700 1799 772 1880">
    <p class='ocr_par' dir='ltr' id='par_1_3' title="bbox 700 1799 772 1880">
     <span class='ocr_line' id='line_1_15' title="bbox 700 1799 772 1880; baseline 0.014 -16"><span class='ocrx_word' id='word_1_125' title='bbox 700 1799 772 1880; x_wconf 62' lang='lat'><strong>51.</strong></span> 
     </span>
    </p>
   </div>
   <div class='ocr_carea' id='block_1_4' title="bbox 170 1933 1300 2232">
    <p class='ocr_par' dir='ltr' id='par_1_4' title="bbox 170 1933 1300 2232">
     <span class='ocr_line' id='line_1_16' title="bbox 256 1933 1299 2025; baseline 0.005 -21"><span class='ocrx_word' id='word_1_126' title='bbox 256 1937 304 2005; x_wconf 80' lang='lat' dir='ltr'><strong>Ac</strong></span> <span class='ocrx_word' id='word_1_127' title='bbox 326 1938 461 2024; x_wconf 88' lang='lat' dir='ltr'><strong>primum</strong></span> <span class='ocrx_word' id='word_1_128' title='bbox 485 1933 611 2021; x_wconf 88' lang='lat' dir='ltr'><strong>quidem</strong></span> <span class='ocrx_word' id='word_1_129' title='bbox 633 1943 768 2023; x_wconf 83' lang='lat' dir='ltr'><strong>apparet</strong></span> <span class='ocrx_word' id='word_1_130' title='bbox 788 1935 1020 2002; x_wconf 88' lang='lat' dir='ltr'><strong>anacoluthiam</strong></span> <span class='ocrx_word' id='word_1_131' title='bbox 1043 1939 1088 2004; x_wconf 90' lang='lat' dir='ltr'><strong>eis</strong></span> <span class='ocrx_word' id='word_1_132' title='bbox 1104 1939 1191 2025; x_wconf 87' lang='lat' dir='ltr'><strong>locis,</strong></span> <span class='ocrx_word' id='word_1_133' title='bbox 1215 1941 1299 2008; x_wconf 90' lang='lat' dir='ltr'><strong>unde</strong></span> 
     </span>
     <span class='ocr_line' id='line_1_17' title="bbox 170 2039 1300 2134; baseline 0.006 -25"><span class='ocrx_word' id='word_1_134' title='bbox 170 2049 239 2109; x_wconf 88' lang='lat' dir='ltr'><strong>tota</strong></span> <span class='ocrx_word' id='word_1_135' title='bbox 272 2040 444 2134; x_wconf 86' lang='lat' dir='ltr'><strong>disputatio</strong></span> <span class='ocrx_word' id='word_1_136' title='bbox 472 2039 615 2132; x_wconf 83' lang='lat' dir='ltr'><strong>proiecta</strong></span> <span class='ocrx_word' id='word_1_137' title='bbox 641 2045 703 2121; x_wconf 89' lang='lat' dir='ltr'><strong>est,</strong></span> <span class='ocrx_word' id='word_1_138' title='bbox 737 2039 890 2105; x_wconf 87' lang='lat' dir='ltr'><strong>eiusmodi</strong></span> <span class='ocrx_word' id='word_1_139' title='bbox 925 2060 987 2107; x_wconf 91' lang='lat' dir='ltr'><strong>uon</strong></span> <span class='ocrx_word' id='word_1_140' title='bbox 1021 2062 1106 2124; x_wconf 89' lang='lat' dir='ltr'><strong>esse,</strong></span> <span class='ocrx_word' id='word_1_141' title='bbox 1140 2052 1174 2112; x_wconf 90' lang='lat' dir='ltr'><strong>ut</strong></span> <span class='ocrx_word' id='word_1_142' title='bbox 1205 2047 1300 2116; x_wconf 86' lang='lat' dir='ltr'><strong>totius</strong></span> 
     </span>
     <span class='ocr_line' id='line_1_18' title="bbox 170 2140 1298 2232; baseline 0.003 -20"><span class='ocrx_word' id='word_1_143' title='bbox 170 2145 327 2213; x_wconf 87' lang='lat' dir='ltr'><strong>enuntiati</strong></span> <span class='ocrx_word' id='word_1_144' title='bbox 349 2143 556 2211; x_wconf 80' lang='lat' dir='ltr'><strong>conformatio</strong></span> <span class='ocrx_word' id='word_1_145' title='bbox 579 2140 790 2223; x_wconf 81' lang='lat' dir='ltr'><strong>convellatur3</strong></span> <span class='ocrx_word' id='word_1_146' title='bbox 817 2140 890 2208; x_wconf 87' lang='lat' dir='ltr'><strong>talis</strong></span> <span class='ocrx_word' id='word_1_147' title='bbox 917 2143 1117 2212; x_wconf 84' lang='lat' dir='ltr'><strong>anacoluthia</strong></span> <span class='ocrx_word' id='word_1_148' title='bbox 1139 2149 1298 2232; x_wconf 82' lang='lat' dir='ltr'><strong>existeret,</strong></span> 
     </span>
    </p>
   </div>
   <div class='ocr_carea' id='block_1_5' title="bbox 169 2244 1319 4216">
    <p class='ocr_par' dir='ltr' id='par_1_5' title="bbox 169 2244 1318 3788">
     <span class='ocr_line' id='line_1_19' title="bbox 170 2244 1300 2337; baseline 0.003 -22"><span class='ocrx_word' id='word_1_149' title='bbox 170 2249 198 2316; x_wconf 91' lang='lat' dir='ltr'><strong>si</strong></span> <span class='ocrx_word' id='word_1_150' title='bbox 226 2249 423 2315; x_wconf 84' lang='lat' dir='ltr'><strong>accusativus</strong></span> <span class='ocrx_word' id='word_1_151' title='bbox 457 2245 616 2337; x_wconf 88' lang='lat' dir='ltr'><strong>participii</strong></span> <span class='ocrx_word' id='word_1_152' title='bbox 649 2244 682 2309; x_wconf 93' lang='lat' dir='ltr'><strong>iu</strong></span> <span class='ocrx_word' id='word_1_153' title='bbox 715 2244 804 2311; x_wconf 89' lang='lat' dir='ltr'><strong>initio</strong></span> <span class='ocrx_word' id='word_1_154' title='bbox 839 2247 1015 2312; x_wconf 86' lang='lat' dir='ltr'><strong>sententiae</strong></span> <span class='ocrx_word' id='word_1_155' title='bbox 1048 2251 1169 2334; x_wconf 84' lang='lat' dir='ltr'><strong>positus</strong></span> <span class='ocrx_word' id='word_1_156' title='bbox 1203 2261 1300 2334; x_wconf 80' lang='lat' dir='ltr'><strong>csset3</strong></span> 
     </span>
     <span class='ocr_line' id='line_1_20' title="bbox 169 2347 1301 2432; baseline 0.001 -13"><span class='ocrx_word' id='word_1_157' title='bbox 169 2352 359 2418; x_wconf 81' lang='lat' dir='ltr'><strong>haberemus</strong></span> <span class='ocrx_word' id='word_1_158' title='bbox 371 2359 436 2416; x_wconf 90' lang='lat' dir='ltr'><strong>tum</strong></span> <span class='ocrx_word' id='word_1_159' title='bbox 456 2347 589 2415; x_wconf 87' lang='lat' dir='ltr'><strong>candem</strong></span> <span class='ocrx_word' id='word_1_160' title='bbox 606 2347 897 2428; x_wconf 81' lang='lat' dir='ltr'><strong>conformationem,</strong></span> <span class='ocrx_word' id='word_1_161' title='bbox 915 2347 1082 2432; x_wconf 22' lang='lat' dir='ltr'><strong>velut-Eur.</strong></span> <span class='ocrx_word' id='word_1_162' title='bbox 1095 2349 1209 2421; x_wconf 78' lang='lat' dir='ltr'><strong>Troad.</strong></span> <span class='ocrx_word' id='word_1_163' title='bbox 1218 2357 1301 2422; x_wconf 87' lang='grc'><strong>1209</strong></span> 
     </span>
     <span class='ocr_line' id='line_1_21' title="bbox 171 2450 1301 2538; baseline 0.003 -16"><span class='ocrx_word' id='word_1_164' title='bbox 171 2456 233 2523; x_wconf 90' lang='lat' dir='ltr'><strong>vel.</strong></span> <span class='ocrx_word' id='word_1_165' title='bbox 257 2453 295 2521; x_wconf 91' lang='lat'><strong>0.</strong></span> <span class='ocrx_word' id='word_1_166' title='bbox 318 2451 354 2520; x_wconf 82' lang='grc'><strong>0.</strong></span> <span class='ocrx_word' id='word_1_167' title='bbox 378 2452 441 2517; x_wconf 86' lang='grc'><strong>766</strong></span> <span class='ocrx_word' id='word_1_168' title='bbox 465 2451 521 2536; x_wconf 85' lang='lat' dir='ltr'><strong>(ci.</strong></span> <span class='ocrx_word' id='word_1_169' title='bbox 544 2471 566 2538; x_wconf 94' lang='lat' dir='ltr'><strong>p</strong></span> <span class='ocrx_word' id='word_1_170' title='bbox 591 2450 657 2538; x_wconf 87' lang='lat'><strong>16),</strong></span> <span class='ocrx_word' id='word_1_171' title='bbox 685 2457 719 2517; x_wconf 90' lang='lat' dir='ltr'><strong>ut</strong></span> <span class='ocrx_word' id='word_1_172' title='bbox 741 2452 942 2518; x_wconf 86' lang='lat' dir='ltr'><strong>accusativus</strong></span> <span class='ocrx_word' id='word_1_173' title='bbox 965 2472 998 2517; x_wconf 86' lang='lat' dir='ltr'><strong>rc</strong></span> <span class='ocrx_word' id='word_1_174' title='bbox 1021 2475 1096 2522; x_wconf 88' lang='lat' dir='ltr'><strong>vera</strong></span> <span class='ocrx_word' id='word_1_175' title='bbox 1117 2465 1201 2523; x_wconf 85' lang='lat' dir='ltr'><strong>esset</strong></span> <span class='ocrx_word' id='word_1_176' title='bbox 1224 2478 1301 2525; x_wconf 89' lang='lat' dir='ltr'><strong>nna·</strong></span> 
     </span>
     <span class='ocr_line' id='line_1_22' title="bbox 171 2552 1301 2644; baseline 0.002 -18"><span class='ocrx_word' id='word_1_177' title='bbox 171 2557 329 2634; x_wconf 87' lang='lat' dir='ltr'><strong>coluthice</strong></span> <span class='ocrx_word' id='word_1_178' title='bbox 350 2557 471 2644; x_wconf 89' lang='lat' dir='ltr'><strong>positus</strong></span> <span class='ocrx_word' id='word_1_179' title='bbox 494 2553 606 2622; x_wconf 86' lang='lat' dir='ltr'><strong>eodem</strong></span> <span class='ocrx_word' id='word_1_180' title='bbox 629 2552 724 2620; x_wconf 87' lang='lat' dir='ltr'><strong>modo</strong></span> <span class='ocrx_word' id='word_1_181' title='bbox 747 2573 808 2638; x_wconf 92' lang='lat' dir='ltr'><strong>quo</strong></span> <span class='ocrx_word' id='word_1_182' title='bbox 831 2555 927 2620; x_wconf 85' lang='lat' dir='ltr'><strong>ceteri</strong></span> <span class='ocrx_word' id='word_1_183' title='bbox 959 2576 1064 2640; x_wconf 87' lang='lat' dir='ltr'><strong>casus,</strong></span> <span class='ocrx_word' id='word_1_184' title='bbox 1098 2567 1132 2624; x_wconf 87' lang='lat' dir='ltr'><strong>ut</strong></span> <span class='ocrx_word' id='word_1_185' title='bbox 1165 2560 1197 2626; x_wconf 92' lang='lat' dir='ltr'><strong>iu</strong></span> <span class='ocrx_word' id='word_1_186' title='bbox 1221 2560 1301 2628; x_wconf 86' lang='lat' dir='ltr'><strong>Plat.</strong></span> 
     </span>
     <span class='ocr_line' id='line_1_23' title="bbox 172 2657 1314 2754; baseline 0.001 -24"><span class='ocrx_word' id='word_1_187' title='bbox 172 2663 282 2754; x_wconf 84' lang='lat' dir='ltr'><strong>Symp.</strong></span> <span class='ocrx_word' id='word_1_188' title='bbox 317 2659 417 2727; x_wconf 71' lang='grc'><strong>1829</strong></span> <span class='ocrx_word' id='word_1_189' title='bbox 454 2659 577 2726; x_wconf 88' lang='lat' dir='ltr'><strong>dativus</strong></span> <span class='ocrx_word' id='word_1_190' title='bbox 618 2657 777 2743; x_wconf 90' lang='lat' dir='ltr'><strong>participii</strong></span> <span class='ocrx_word' id='word_1_191' title='bbox 819 2657 1008 2743; x_wconf 75' lang='grc' dir='ltr'>ἐνιιμηιέντι</span> <span class='ocrx_word' id='word_1_192' title='bbox 1049 2661 1202 2744; x_wconf 78' lang='lat' dir='ltr'><strong>regimine</strong></span> <span class='ocrx_word' id='word_1_193' title='bbox 1244 2685 1314 2732; x_wconf 90' lang='lat' dir='ltr'><strong>suo·</strong></span> 
     </span>
     <span class='ocr_line' id='line_1_24' title="bbox 172 2755 1303 2854; baseline -0.005 -18"><span class='ocrx_word' id='word_1_194' title='bbox 172 2755 369 2850; x_wconf 83' lang='lat' dir='ltr'><strong>destituitur3</strong></span> <span class='ocrx_word' id='word_1_195' title='bbox 386 2785 479 2851; x_wconf 89' lang='lat' dir='ltr'><strong>quem</strong></span> <span class='ocrx_word' id='word_1_196' title='bbox 494 2783 584 2831; x_wconf 91' lang='lat' dir='ltr'><strong>usum</strong></span> <span class='ocrx_word' id='word_1_197' title='bbox 596 2762 737 2846; x_wconf 87' lang='lat' dir='ltr'><strong>sequitur</strong></span> <span class='ocrx_word' id='word_1_198' title='bbox 749 2761 903 2848; x_wconf 90' lang='lat' dir='ltr'><strong>imprimis</strong></span> <span class='ocrx_word' id='word_1_199' title='bbox 919 2765 1129 2833; x_wconf 84' lang='lat' dir='ltr'><strong>nominativus</strong></span> <span class='ocrx_word' id='word_1_200' title='bbox 1141 2767 1192 2849; x_wconf 87' lang='lat' dir='ltr'><strong>(ci.</strong></span> <span class='ocrx_word' id='word_1_201' title='bbox 1204 2788 1226 2854; x_wconf 94' lang='lat' dir='ltr'><strong>p</strong></span> <span class='ocrx_word' id='word_1_202' title='bbox 1238 2771 1303 2851; x_wconf 81' lang='lat' dir='ltr'><strong>ut).</strong></span> 
     </span>
     <span class='ocr_line' id='line_1_25' title="bbox 258 2863 1302 2953; baseline 0 -15"><span class='ocrx_word' id='word_1_203' title='bbox 258 2869 324 2938; x_wconf 91' lang='lat' dir='ltr'><strong>lam</strong></span> <span class='ocrx_word' id='word_1_204' title='bbox 340 2888 424 2952; x_wconf 87' lang='lat' dir='ltr'><strong>vcro,</strong></span> <span class='ocrx_word' id='word_1_205' title='bbox 441 2868 587 2953; x_wconf 90' lang='lat' dir='ltr'><strong>quoniam</strong></span> <span class='ocrx_word' id='word_1_206' title='bbox 601 2863 729 2934; x_wconf 91' lang='lat' dir='ltr'><strong>verbum</strong></span> <span class='ocrx_word' id='word_1_207' title='bbox 740 2864 861 2931; x_wconf 86' lang='lat' dir='ltr'><strong>finitum</strong></span> <span class='ocrx_word' id='word_1_208' title='bbox 875 2885 945 2932; x_wconf 91' lang='lat' dir='ltr'><strong>cum</strong></span> <span class='ocrx_word' id='word_1_209' title='bbox 959 2867 1085 2936; x_wconf 89' lang='lat' dir='ltr'><strong>nornine</strong></span> <span class='ocrx_word' id='word_1_210' title='bbox 1097 2871 1302 2938; x_wconf 89' lang='lat' dir='ltr'><strong>coniunctum</strong></span> 
     </span>
     <span class='ocr_line' id='line_1_26' title="bbox 172 2968 1302 3063; baseline -0.001 -21"><span class='ocrx_word' id='word_1_211' title='bbox 172 2976 381 3063; x_wconf 84' lang='lat' dir='ltr'><strong>praemissum</strong></span> <span class='ocrx_word' id='word_1_212' title='bbox 405 2979 454 3039; x_wconf 87' lang='lat' dir='ltr'><strong>est</strong></span> <span class='ocrx_word' id='word_1_213' title='bbox 474 2969 631 3059; x_wconf 90' lang='lat' dir='ltr'><strong>participii</strong></span> <span class='ocrx_word' id='word_1_214' title='bbox 653 2969 843 3050; x_wconf 85' lang='lat' dir='ltr'><strong>accusativo,</strong></span> <span class='ocrx_word' id='word_1_215' title='bbox 869 2968 1040 3054; x_wconf 88' lang='lat' dir='ltr'><strong>videamus,</strong></span> <span class='ocrx_word' id='word_1_216' title='bbox 1065 2992 1138 3039; x_wconf 89' lang='lat' dir='ltr'><strong>uum</strong></span> <span class='ocrx_word' id='word_1_217' title='bbox 1162 2975 1189 3041; x_wconf 91' lang='lat' dir='ltr'><strong>is</strong></span> <span class='ocrx_word' id='word_1_218' title='bbox 1211 2995 1302 3041; x_wconf 90' lang='lat' dir='ltr'><strong>casus</strong></span> 
     </span>
     <span class='ocr_line' id='line_1_27' title="bbox 171 3070 1304 3161; baseline 0.001 -17"><span class='ocrx_word' id='word_1_219' title='bbox 171 3081 247 3144; x_wconf 81' lang='grc' dir='ltr'><strong><em>κατὰ</em></strong></span> <span class='ocrx_word' id='word_1_220' title='bbox 269 3079 378 3144; x_wconf 73' lang='grc' dir='ltr'>σύνεσιν</span> <span class='ocrx_word' id='word_1_221' title='bbox 400 3073 433 3142; x_wconf 87' lang='lat' dir='ltr'><strong>id</strong></span> <span class='ocrx_word' id='word_1_222' title='bbox 455 3083 505 3143; x_wconf 90' lang='lat' dir='ltr'><strong>est</strong></span> <span class='ocrx_word' id='word_1_223' title='bbox 531 3080 659 3161; x_wconf 83' lang='lat' dir='ltr'><strong>propter</strong></span> <span class='ocrx_word' id='word_1_224' title='bbox 681 3070 810 3139; x_wconf 86' lang='lat' dir='ltr'><strong>verbum</strong></span> <span class='ocrx_word' id='word_1_225' title='bbox 839 3073 959 3140; x_wconf 89' lang='lat' dir='ltr'><strong>finitum</strong></span> <span class='ocrx_word' id='word_1_226' title='bbox 993 3076 1113 3161; x_wconf 86' lang='lat' dir='ltr'><strong>positus</strong></span> <span class='ocrx_word' id='word_1_227' title='bbox 1140 3078 1189 3144; x_wconf 87' lang='lat' dir='ltr'><strong>sit.</strong></span> <span class='ocrx_word' id='word_1_228' title='bbox 1234 3076 1304 3147; x_wconf 88' lang='lat' dir='ltr'><strong>Hoc</strong></span> 
     </span>
     <span class='ocr_line' id='line_1_28' title="bbox 173 3177 1303 3272; baseline -0.004 -20"><span class='ocrx_word' id='word_1_229' title='bbox 173 3187 270 3272; x_wconf 74' lang='lat' dir='ltr'><strong>igitur</strong></span> <span class='ocrx_word' id='word_1_230' title='bbox 291 3184 419 3252; x_wconf 88' lang='lat' dir='ltr'><strong>verbum</strong></span> <span class='ocrx_word' id='word_1_231' title='bbox 443 3178 600 3266; x_wconf 89' lang='lat' dir='ltr'><strong>quomodo</strong></span> <span class='ocrx_word' id='word_1_232' title='bbox 622 3185 671 3244; x_wconf 86' lang='lat' dir='ltr'><strong>cst</strong></span> <span class='ocrx_word' id='word_1_233' title='bbox 693 3177 920 3246; x_wconf 80' lang='lat' dir='ltr'><strong>conformatum</strong></span> <span class='ocrx_word' id='word_1_234' title='bbox 938 3179 1037 3245; x_wconf 88' lang='lat' dir='ltr'><strong>tribus</strong></span> <span class='ocrx_word' id='word_1_235' title='bbox 1053 3180 1185 3264; x_wconf 84' lang='lat' dir='ltr'><strong>singulis</strong></span> <span class='ocrx_word' id='word_1_236' title='bbox 1200 3181 1303 3248; x_wconf 88' lang='lat' dir='ltr'><strong>locis?</strong></span> 
     </span>
     <span class='ocr_line' id='line_1_29' title="bbox 173 3279 1318 3376; baseline -0.004 -20"><span class='ocrx_word' id='word_1_237' title='bbox 173 3287 379 3376; x_wconf 88' lang='lat' dir='ltr'><strong>Periphrases</strong></span> <span class='ocrx_word' id='word_1_238' title='bbox 406 3283 556 3352; x_wconf 82' lang='lat' dir='ltr'><strong>affectum</strong></span> <span class='ocrx_word' id='word_1_239' title='bbox 584 3279 740 3367; x_wconf 86' lang='lat' dir='ltr'><strong>quendam</strong></span> <span class='ocrx_word' id='word_1_240' title='bbox 769 3282 982 3368; x_wconf 82' lang='lat' dir='ltr'><strong>exprimentes</strong></span> <span class='ocrx_word' id='word_1_241' title='bbox 1011 3282 1152 3350; x_wconf 86' lang='lat' dir='ltr'><strong>citiciunt</strong></span> <span class='ocrx_word' id='word_1_242' title='bbox 1174 3285 1318 3352; x_wconf 80' lang='lat' dir='ltr'><strong>verium¹</strong></span> 
     </span>
     <span class='ocr_line' id='line_1_30' title="bbox 174 3379 1316 3472; baseline -0.005 -13"><span class='ocrx_word' id='word_1_243' title='bbox 174 3393 307 3461; x_wconf 88' lang='lat' dir='ltr'><strong>finitum.</strong></span> <span class='ocrx_word' id='word_1_244' title='bbox 350 3389 400 3458; x_wconf 84' lang='lat' dir='ltr'><strong>Ex</strong></span> <span class='ocrx_word' id='word_1_245' title='bbox 422 3388 537 3455; x_wconf 88' lang='lat' dir='ltr'><strong>talibus</strong></span> <span class='ocrx_word' id='word_1_246' title='bbox 559 3394 665 3454; x_wconf 87' lang='lat' dir='ltr'><strong>autem</strong></span> <span class='ocrx_word' id='word_1_247' title='bbox 688 3384 797 3470; x_wconf 87' lang='lat' dir='ltr'><strong>quales</strong></span> <span class='ocrx_word' id='word_1_248' title='bbox 818 3383 971 3452; x_wconf 89' lang='lat' dir='ltr'><strong>habemus</strong></span> <span class='ocrx_word' id='word_1_249' title='bbox 992 3383 1049 3452; x_wconf 81' lang='lat' dir='ltr'><strong>ct.</strong></span> <span class='ocrx_word' id='word_1_250' title='bbox 1066 3387 1139 3470; x_wconf 85' lang='grc'>399,</span> <span class='ocrx_word' id='word_1_251' title='bbox 1163 3385 1214 3454; x_wconf 86' lang='lat' dir='ltr'><strong>El</strong></span> <span class='ocrx_word' id='word_1_252' title='bbox 1230 3379 1316 3472; x_wconf 84' lang='grc'>479,</span> 
     </span>
     <span class='ocr_line' id='line_1_31' title="bbox 174 3487 1305 3581; baseline -0.006 -17"><span class='ocrx_word' id='word_1_253' title='bbox 174 3496 262 3566; x_wconf 84' lang='lat' dir='ltr'><strong>Pers.</strong></span> <span class='ocrx_word' id='word_1_254' title='bbox 288 3496 351 3561; x_wconf 87' lang='grc'><strong>894</strong></span> <span class='ocrx_word' id='word_1_255' title='bbox 373 3512 468 3581; x_wconf 88' lang='lat' dir='ltr'><strong>posse</strong></span> <span class='ocrx_word' id='word_1_256' title='bbox 490 3490 705 3558; x_wconf 85' lang='lat' dir='ltr'><strong>accusativum</strong></span> <span class='ocrx_word' id='word_1_257' title='bbox 728 3488 844 3554; x_wconf 89' lang='lat' dir='ltr'><strong>obiecti</strong></span> <span class='ocrx_word' id='word_1_258' title='bbox 866 3487 1016 3575; x_wconf 83' lang='lat' dir='ltr'><strong>suspendi</strong></span> <span class='ocrx_word' id='word_1_259' title='bbox 1039 3497 1148 3557; x_wconf 89' lang='lat' dir='ltr'><strong>uotum</strong></span> <span class='ocrx_word' id='word_1_260' title='bbox 1172 3497 1234 3557; x_wconf 89' lang='lat' dir='ltr'><strong>est:</strong></span> <span class='ocrx_word' id='word_1_261' title='bbox 1265 3513 1305 3557; x_wconf 91' lang='lat' dir='ltr'><strong>ne</strong></span> 
     </span>
     <span class='ocr_line' id='line_1_32' title="bbox 175 3590 1304 3720; baseline -0.009 -52"><span class='ocrx_word' id='word_1_262' title='bbox 175 3600 355 3716; x_wconf 69' lang='lat' dir='ltr'><strong>eucmplum</strong></span> <span class='ocrx_word' id='word_1_263' title='bbox 371 3595 578 3676; x_wconf 82' lang='lat' dir='ltr'><strong>desideretur,</strong></span> <span class='ocrx_word' id='word_1_264' title='bbox 593 3610 707 3659; x_wconf 90' lang='lat' dir='ltr'><strong>revoco</strong></span> <span class='ocrx_word' id='word_1_265' title='bbox 723 3592 880 3720; x_wconf 78' lang='lat' dir='ltr'><strong>legentem</strong></span> <span class='ocrx_word' id='word_1_266' title='bbox 896 3590 938 3657; x_wconf 87' lang='lat' dir='ltr'><strong>ad</strong></span> <span class='ocrx_word' id='word_1_267' title='bbox 954 3591 1067 3659; x_wconf 86' lang='lat' dir='ltr'><strong>Aesch.</strong></span> <span class='ocrx_word' id='word_1_268' title='bbox 1096 3592 1205 3681; x_wconf 89' lang='lat' dir='ltr'><strong>Suppl</strong></span> <span class='ocrx_word' id='word_1_269' title='bbox 1224 3596 1304 3661; x_wconf 72' lang='lat'><strong>547:</strong></span> 
     </span>
     <span class='ocr_line' id='line_1_33' title="bbox 377 3693 1037 3788; baseline -0.005 -25"><span class='ocrx_word' id='word_1_270' title='bbox 377 3717 458 3785; x_wconf 62' lang='lat' dir='ltr'><strong>sqqs</strong></span> <span class='ocrx_word' id='word_1_271' title='bbox 470 3697 576 3788; x_wconf 80' lang='grc' dir='ltr'><strong>βροτοὶ</strong></span> <span class='ocrx_word' id='word_1_272' title='bbox 597 3694 660 3760; x_wconf 78' lang='grc' dir='ltr'><strong>δ’“</strong></span> <span class='ocrx_word' id='word_1_273' title='bbox 637 3720 661 3760; x_wconf 86' lang='grc' dir='ltr'><strong>οι</strong></span> <span class='ocrx_word' id='word_1_274' title='bbox 683 3705 736 3780; x_wconf 64' lang='lat' dir='ltr'><strong>puin</strong></span> <span class='ocrx_word' id='word_1_275' title='bbox 758 3693 816 3759; x_wconf 83' lang='grc' dir='ltr'>τότ’</span> <span class='ocrx_word' id='word_1_276' title='bbox 829 3695 904 3781; x_wconf 75' lang='grc' dir='ltr'>ἦσαν</span> <span class='ocrx_word' id='word_1_277' title='bbox 929 3696 1037 3780; x_wconf 77' lang='grc' dir='ltr'>ἔννομοι</span> 
     </span>
    </p>

    <p class='ocr_par' dir='ltr' id='par_1_6' title="bbox 484 3801 839 3893">
     <span class='ocr_line' id='line_1_34' title="bbox 484 3801 839 3893; baseline -0.017 -24"><span class='ocrx_word' id='word_1_278' title='bbox 484 3803 595 3893; x_wconf 61' lang='lat' dir='ltr'><strong>pampo</strong></span> <span class='ocrx_word' id='word_1_279' title='bbox 617 3803 725 3887; x_wconf 68' lang='grc' dir='ltr'>δείματι</span> <span class='ocrx_word' id='word_1_280' title='bbox 746 3801 839 3886; x_wconf 73' lang='grc' dir='ltr'><strong>θυμὸν</strong></span> 
     </span>
    </p>

    <p class='ocr_par' dir='ltr' id='par_1_7' title="bbox 483 3906 824 3994">
     <span class='ocr_line' id='line_1_35' title="bbox 483 3906 824 3994; baseline -0.015 -20"><span class='ocrx_word' id='word_1_281' title='bbox 483 3906 623 3974; x_wconf 74' lang='grc' dir='ltr'><strong>πάλλοντ’</strong></span> <span class='ocrx_word' id='word_1_282' title='bbox 647 3910 708 3994; x_wconf 79' lang='grc' dir='ltr'>ὄψιν</span> <span class='ocrx_word' id='word_1_283' title='bbox 731 3908 824 3993; x_wconf 68' lang='grc' dir='ltr'>ἀήθη,</span> 
     </span>
    </p>

    <p class='ocr_par' dir='ltr' id='par_1_8' title="bbox 486 4001 1319 4108">
     <span class='ocr_line' id='line_1_36' title="bbox 486 4001 1319 4108; baseline -0.004 -28"><span class='ocrx_word' id='word_1_284' title='bbox 486 4017 584 4108; x_wconf 79' lang='grc' dir='ltr'>βιοτὰν</span> <span class='ocrx_word' id='word_1_285' title='bbox 608 4017 772 4103; x_wconf 78' lang='grc' dir='ltr'>εἰσοριῖιντες</span> <span class='ocrx_word' id='word_1_286' title='bbox 794 4010 929 4101; x_wconf 70' lang='grc' dir='ltr'><strong>δυσχερὲς</strong></span> <span class='ocrx_word' id='word_1_287' title='bbox 952 4001 1150 4102; x_wconf 76' lang='grc' dir='ltr'>μιξόμβιοτιν,</span> <span class='ocrx_word' id='word_1_288' title='bbox 1193 4024 1201 4050; x_wconf 83' lang='grc'><strong>·’</strong></span> <span class='ocrx_word' id='word_1_289' title='bbox 1276 4043 1287 4052; x_wconf 61' lang='lat'><strong>·=</strong></span> <span class='ocrx_word' id='word_1_290' title='bbox 1316 4087 1319 4095; x_wconf 17' lang='grc' dir='ltr'><strong>Α</strong></span> 
     </span>
    </p>

    <p class='ocr_par' dir='ltr' id='par_1_9' title="bbox 484 4116 1183 4216">
     <span class='ocr_line' id='line_1_37' title="bbox 484 4116 1183 4216; baseline -0.01 -30"><span class='ocrx_word' id='word_1_291' title='bbox 484 4125 536 4187; x_wconf 80' lang='grc' dir='ltr'><strong>τάν</strong></span> <span class='ocrx_word' id='word_1_292' title='bbox 560 4121 611 4208; x_wconf 78' lang='grc' dir='ltr'><strong>μὲν</strong></span> <span class='ocrx_word' id='word_1_293' title='bbox 635 4120 710 4206; x_wconf 78' lang='grc' dir='ltr'>βοὸς,</span> <span class='ocrx_word' id='word_1_294' title='bbox 734 4121 785 4182; x_wconf 84' lang='grc' dir='ltr'><strong>τάν</strong></span> <span class='ocrx_word' id='word_1_295' title='bbox 807 4116 882 4182; x_wconf 69' lang='grc' dir='ltr'><strong>δἀὖ</strong></span> <span class='ocrx_word' id='word_1_296' title='bbox 904 4121 1042 4202; x_wconf 77' lang='grc' dir='ltr'>ιυναικός.</span> <span class='ocrx_word' id='word_1_297' title='bbox 1182 4209 1183 4216; x_wconf 13' lang='lat'>¹</span> 
     </span>
    </p>
   </div>
   <div class='ocr_carea' id='block_1_6' title="bbox 0 0 1556 4680">
    <p class='ocr_par' dir='ltr' id='par_1_10' title="bbox 0 0 1556 4680">
     <span class='ocr_line' id='line_1_38' title="bbox 0 0 1556 4680; baseline 0 0"><span class='ocrx_word' id='word_1_298' title='bbox 0 0 1556 4680; x_wconf 95' lang='lat' dir='ltr'><strong> </strong></span> 
     </span>
    </p>
   </div>
  </div>
 </body>
</html>
