<?xml version="1.0" encoding="UTF-8"?>
<!DOCTYPE html PUBLIC "-//W3C//DTD XHTML 1.0 Transitional//EN"
    "http://www.w3.org/TR/xhtml1/DTD/xhtml1-transitional.dtd">
<html xmlns="http://www.w3.org/1999/xhtml" xml:lang="en" lang="en">
 <head>
  <title>
</title>
<meta http-equiv="Content-Type" content="text/html;charset=utf-8" />
  <meta name='ocr-system' content='tesseract 3.04.00' />
  <meta name='ocr-capabilities' content='ocr_page ocr_carea ocr_par ocr_line ocrx_word'/>
</head>
<body>
  <div class='ocr_page' id='page_1' title='image "./deproprietatequ00haeugoog_0047.png"; bbox 0 0 3086 4680; ppageno 0'>
   <div class='ocr_carea' id='block_1_1' title="bbox 694 212 904 280">
    <p class='ocr_par' dir='ltr' id='par_1_1' title="bbox 694 212 904 280">
     <span class='ocr_line' id='line_1_1' title="bbox 694 212 904 280; baseline -0.005 -18"><span class='ocrx_word' id='word_1_1' title='bbox 694 212 904 280; x_wconf 61' lang='lat'><strong>..33„</strong></span> 
     </span>
    </p>
   </div>
   <div class='ocr_carea' id='block_1_2' title="bbox 236 391 1366 2674">
    <p class='ocr_par' dir='ltr' id='par_1_2' title="bbox 236 391 1366 1639">
     <span class='ocr_line' id='line_1_2' title="bbox 237 391 1362 492; baseline -0.003 -22"><span class='ocrx_word' id='word_1_2' title='bbox 237 403 291 472; x_wconf 92' lang='lat' dir='ltr'><strong>ubi</strong></span> <span class='ocrx_word' id='word_1_3' title='bbox 313 391 472 480; x_wconf 77' lang='grc' dir='ltr'>ἐξειπόνιας</span> <span class='ocrx_word' id='word_1_4' title='bbox 494 405 631 492; x_wconf 90' lang='lat' dir='ltr'><strong>positum</strong></span> <span class='ocrx_word' id='word_1_5' title='bbox 655 413 713 485; x_wconf 89' lang='lat' dir='ltr'><strong>est,</strong></span> <span class='ocrx_word' id='word_1_6' title='bbox 736 412 897 490; x_wconf 85' lang='lat' dir='ltr'><strong>tamquam</strong></span> <span class='ocrx_word' id='word_1_7' title='bbox 921 407 1146 492; x_wconf 76' lang='lat' dir='ltr'><strong>praecessisset</strong></span> <span class='ocrx_word' id='word_1_8' title='bbox 1167 405 1207 468; x_wconf 80' lang='grc' dir='ltr'><strong>δεῖ</strong></span> <span class='ocrx_word' id='word_1_9' title='bbox 1229 403 1362 468; x_wconf 70' lang='grc' dir='ltr'><strong>διειδέναι.</strong></span> 
     </span>
     <span class='ocr_line' id='line_1_3' title="bbox 237 507 1363 596; baseline -0.001 -21"><span class='ocrx_word' id='word_1_10' title='bbox 237 509 285 576; x_wconf 81' lang='lat' dir='ltr'><strong>Ex</strong></span> <span class='ocrx_word' id='word_1_11' title='bbox 300 511 360 578; x_wconf 88' lang='lat' dir='ltr'><strong>hac</strong></span> <span class='ocrx_word' id='word_1_12' title='bbox 376 513 460 578; x_wconf 89' lang='lat' dir='ltr'><strong>verbi</strong></span> <span class='ocrx_word' id='word_1_13' title='bbox 475 512 585 595; x_wconf 86' lang='lat' dir='ltr'><strong>forma,</strong></span> <span class='ocrx_word' id='word_1_14' title='bbox 601 521 635 578; x_wconf 93' lang='lat' dir='ltr'><strong>ut</strong></span> <span class='ocrx_word' id='word_1_15' title='bbox 652 513 777 587; x_wconf 73' lang='grc' dir='ltr'>διιτέον,</span> <span class='ocrx_word' id='word_1_16' title='bbox 801 532 895 596; x_wconf 89' lang='lat' dir='ltr'><strong>quam</strong></span> <span class='ocrx_word' id='word_1_17' title='bbox 910 512 1004 592; x_wconf 82' lang='lat' dir='ltr'><strong>facilc</strong></span> <span class='ocrx_word' id='word_1_18' title='bbox 1018 511 1190 578; x_wconf 83' lang='lat' dir='ltr'><strong>infinitivus</strong></span> <span class='ocrx_word' id='word_1_19' title='bbox 1205 507 1363 591; x_wconf 79' lang='lat' dir='ltr'>audiatur,</span> 
     </span>
     <span class='ocr_line' id='line_1_4' title="bbox 236 615 1363 706; baseline 0 -26"><span class='ocrx_word' id='word_1_20' title='bbox 236 615 340 684; x_wconf 91' lang='lat' dir='ltr'><strong>elucet</strong></span> <span class='ocrx_word' id='word_1_21' title='bbox 361 637 400 681; x_wconf 84' lang='lat' dir='ltr'><strong>ex</strong></span> <span class='ocrx_word' id='word_1_22' title='bbox 424 619 469 683; x_wconf 91' lang='lat' dir='ltr'><strong>eis</strong></span> <span class='ocrx_word' id='word_1_23' title='bbox 493 617 662 706; x_wconf 84' lang='lat' dir='ltr'><strong>exemplis,</strong></span> <span class='ocrx_word' id='word_1_24' title='bbox 690 617 744 683; x_wconf 91' lang='lat' dir='ltr'><strong>ubi</strong></span> <span class='ocrx_word' id='word_1_25' title='bbox 766 617 857 684; x_wconf 89' lang='lat' dir='ltr'><strong>initio</strong></span> <span class='ocrx_word' id='word_1_26' title='bbox 880 621 984 684; x_wconf 83' lang='lat' dir='ltr'><strong>exstat</strong></span> <span class='ocrx_word' id='word_1_27' title='bbox 1006 615 1196 682; x_wconf 85' lang='lat' dir='ltr'><strong>adiectivum</strong></span> <span class='ocrx_word' id='word_1_28' title='bbox 1226 615 1363 698; x_wconf 85' lang='lat' dir='ltr'><strong>verbale,</strong></span> 
     </span>
     <span class='ocr_line' id='line_1_5' title="bbox 237 705 1364 806; baseline 0.001 -22"><span class='ocrx_word' id='word_1_29' title='bbox 237 717 352 785; x_wconf 89' lang='lat' dir='ltr'><strong>deinde</strong></span> <span class='ocrx_word' id='word_1_30' title='bbox 386 721 418 784; x_wconf 91' lang='lat' dir='ltr'><strong>in</strong></span> <span class='ocrx_word' id='word_1_31' title='bbox 452 705 639 788; x_wconf 81' lang='lat' dir='ltr'><strong>infinitivum</strong></span> <span class='ocrx_word' id='word_1_32' title='bbox 673 721 801 803; x_wconf 80' lang='lat' dir='ltr'><strong>transit,</strong></span> <span class='ocrx_word' id='word_1_33' title='bbox 835 721 925 806; x_wconf 89' lang='lat' dir='ltr'><strong>quasi</strong></span> <span class='ocrx_word' id='word_1_34' title='bbox 952 721 1085 787; x_wconf 83' lang='lat' dir='ltr'><strong>uerbum</strong></span> <span class='ocrx_word' id='word_1_35' title='bbox 1113 719 1154 782; x_wconf 78' lang='grc' dir='ltr'><strong>δεῖ</strong></span> <span class='ocrx_word' id='word_1_36' title='bbox 1181 717 1364 798; x_wconf 81' lang='lat' dir='ltr'><strong>antecedat3</strong></span> 
     </span>
     <span class='ocr_line' id='line_1_6' title="bbox 237 823 1364 912; baseline -0.002 -24"><span class='ocrx_word' id='word_1_37' title='bbox 237 823 329 908; x_wconf 89' lang='lat' dir='ltr'><strong>quale</strong></span> <span class='ocrx_word' id='word_1_38' title='bbox 362 823 496 908; x_wconf 78' lang='lat' dir='ltr'><strong>legimus</strong></span> <span class='ocrx_word' id='word_1_39' title='bbox 529 824 613 912; x_wconf 92' lang='lat' dir='ltr'><strong>apud</strong></span> <span class='ocrx_word' id='word_1_40' title='bbox 640 824 806 892; x_wconf 78' lang='lat' dir='ltr'><strong>Platonem</strong></span> <span class='ocrx_word' id='word_1_41' title='bbox 830 823 905 891; x_wconf 87' lang='lat' dir='ltr'><strong>Orit.</strong></span> <span class='ocrx_word' id='word_1_42' title='bbox 929 827 969 889; x_wconf 84' lang='grc'><strong>31</strong></span> <span class='ocrx_word' id='word_1_43' title='bbox 994 823 1044 890; x_wconf 87' lang='lat' dir='ltr'><strong>B.:</strong></span> <span class='ocrx_word' id='word_1_44' title='bbox 1090 825 1170 889; x_wconf 79' lang='grc' dir='ltr'><strong>ἀλλὰ</strong></span> <span class='ocrx_word' id='word_1_45' title='bbox 1192 827 1364 909; x_wconf 65' lang='lat' dir='ltr'><strong>retardavit</strong></span> 
     </span>
     <span class='ocr_line' id='line_1_7' title="bbox 237 929 1364 1020; baseline 0.003 -26"><span class='ocrx_word' id='word_1_46' title='bbox 237 931 271 1012; x_wconf 76' lang='grc' dir='ltr'><strong>ἂν</strong></span> <span class='ocrx_word' id='word_1_47' title='bbox 294 930 442 1015; x_wconf 76' lang='grc' dir='ltr'><strong>κελεὺῃή</strong></span> <span class='ocrx_word' id='word_1_48' title='bbox 473 931 553 1002; x_wconf 70' lang='lat' dir='ltr'><strong>nolu</strong></span> <span class='ocrx_word' id='word_1_49' title='bbox 580 931 627 994; x_wconf 87' lang='grc' dir='ltr'><strong>καὶ</strong></span> <span class='ocrx_word' id='word_1_50' title='bbox 653 931 673 1015; x_wconf 85' lang='grc' dir='ltr'>ἡ</span> <span class='ocrx_word' id='word_1_51' title='bbox 701 931 799 1020; x_wconf 80' lang='grc' dir='ltr'><strong>πατρὶς</strong></span> <span class='ocrx_word' id='word_1_52' title='bbox 827 932 848 1016; x_wconf 79' lang='grc' dir='ltr'>ἢ</span> <span class='ocrx_word' id='word_1_53' title='bbox 881 931 985 996; x_wconf 65' lang='grc' dir='ltr'>πείθειν</span> <span class='ocrx_word' id='word_1_54' title='bbox 1020 929 1118 1014; x_wconf 84' lang='grc' dir='ltr'>αὐτὴν.</span> <span class='ocrx_word' id='word_1_55' title='bbox 1143 980 1150 994; x_wconf 91' lang='grc'><strong>.</strong></span> <span class='ocrx_word' id='word_1_56' title='bbox 1175 933 1214 1008; x_wconf 88' lang='lat'><strong>.¹)</strong></span> <span class='ocrx_word' id='word_1_57' title='bbox 1256 929 1364 1015; x_wconf 83' lang='lat' dir='ltr'><strong>Itaque</strong></span> 
     </span>
     <span class='ocr_line' id='line_1_8' title="bbox 237 1035 1364 1122; baseline 0.003 -21"><span class='ocrx_word' id='word_1_58' title='bbox 237 1055 330 1102; x_wconf 93' lang='lat' dir='ltr'><strong>nemo</strong></span> <span class='ocrx_word' id='word_1_59' title='bbox 365 1036 541 1120; x_wconf 89' lang='lat' dir='ltr'><strong>mirabitur,</strong></span> <span class='ocrx_word' id='word_1_60' title='bbox 575 1038 601 1102; x_wconf 93' lang='lat' dir='ltr'><strong>si</strong></span> <span class='ocrx_word' id='word_1_61' title='bbox 629 1035 685 1103; x_wconf 89' lang='lat' dir='ltr'><strong>tali</strong></span> <span class='ocrx_word' id='word_1_62' title='bbox 712 1037 799 1104; x_wconf 86' lang='lat' dir='ltr'><strong>verbi</strong></span> <span class='ocrx_word' id='word_1_63' title='bbox 826 1036 948 1104; x_wconf 86' lang='lat' dir='ltr'><strong>formae</strong></span> <span class='ocrx_word' id='word_1_64' title='bbox 975 1036 1133 1122; x_wconf 90' lang='lat' dir='ltr'><strong>participii</strong></span> <span class='ocrx_word' id='word_1_65' title='bbox 1167 1037 1364 1104; x_wconf 88' lang='lat' dir='ltr'><strong>accusativus</strong></span> 
     </span>
     <span class='ocr_line' id='line_1_9' title="bbox 237 1137 1363 1226; baseline 0.003 -22"><span class='ocrx_word' id='word_1_66' title='bbox 237 1140 360 1205; x_wconf 88' lang='lat' dir='ltr'><strong>iunctus</strong></span> <span class='ocrx_word' id='word_1_67' title='bbox 386 1147 443 1222; x_wconf 87' lang='lat' dir='ltr'><strong>est,</strong></span> <span class='ocrx_word' id='word_1_68' title='bbox 471 1138 504 1205; x_wconf 91' lang='lat' dir='ltr'><strong>id</strong></span> <span class='ocrx_word' id='word_1_69' title='bbox 532 1138 614 1225; x_wconf 91' lang='lat' dir='ltr'><strong>quod</strong></span> <span class='ocrx_word' id='word_1_70' title='bbox 638 1137 780 1206; x_wconf 88' lang='lat' dir='ltr'><strong>videmus</strong></span> <span class='ocrx_word' id='word_1_71' title='bbox 803 1137 875 1206; x_wconf 85' lang='lat' dir='ltr'><strong>Eur.</strong></span> <span class='ocrx_word' id='word_1_72' title='bbox 899 1140 979 1208; x_wconf 91' lang='lat' dir='ltr'><strong>loco.</strong></span> <span class='ocrx_word' id='word_1_73' title='bbox 1003 1137 1097 1226; x_wconf 85' lang='lat' dir='ltr'><strong>llipp.</strong></span> <span class='ocrx_word' id='word_1_74' title='bbox 1121 1141 1196 1222; x_wconf 89' lang='grc'><strong>490,</strong></span> <span class='ocrx_word' id='word_1_75' title='bbox 1231 1159 1363 1224; x_wconf 89' lang='lat' dir='ltr'><strong>quocum</strong></span> 
     </span>
     <span class='ocr_line' id='line_1_10' title="bbox 237 1240 1365 1329; baseline 0.002 -22"><span class='ocrx_word' id='word_1_76' title='bbox 237 1240 441 1329; x_wconf 82' lang='lat' dir='ltr'><strong>comparandi</strong></span> <span class='ocrx_word' id='word_1_77' title='bbox 465 1250 538 1310; x_wconf 91' lang='lat' dir='ltr'><strong>suut</strong></span> <span class='ocrx_word' id='word_1_78' title='bbox 559 1241 718 1328; x_wconf 84' lang='lat' dir='ltr'><strong>Aristoph.</strong></span> <span class='ocrx_word' id='word_1_79' title='bbox 743 1241 828 1310; x_wconf 86' lang='lat' dir='ltr'><strong>Eccl.</strong></span> <span class='ocrx_word' id='word_1_80' title='bbox 853 1242 926 1326; x_wconf 87' lang='grc'><strong>873,</strong></span> <span class='ocrx_word' id='word_1_81' title='bbox 949 1241 1028 1308; x_wconf 88' lang='lat' dir='ltr'><strong>Plat.</strong></span> <span class='ocrx_word' id='word_1_82' title='bbox 1057 1243 1166 1328; x_wconf 83' lang='lat' dir='ltr'><strong>repub.</strong></span> <span class='ocrx_word' id='word_1_83' title='bbox 1198 1245 1218 1306; x_wconf 80' lang='lat'>5</span> <span class='ocrx_word' id='word_1_84' title='bbox 1244 1262 1265 1329; x_wconf 91' lang='lat' dir='ltr'>p</span> <span class='ocrx_word' id='word_1_85' title='bbox 1290 1246 1365 1326; x_wconf 86' lang='grc'><strong>433,</strong></span> 
     </span>
     <span class='ocr_line' id='line_1_11' title="bbox 238 1343 1365 1432; baseline 0.002 -20"><span class='ocrx_word' id='word_1_86' title='bbox 238 1343 367 1412; x_wconf 85' lang='lat' dir='ltr'><strong>Aristid.</strong></span> <span class='ocrx_word' id='word_1_87' title='bbox 390 1351 468 1412; x_wconf 91' lang='lat' dir='ltr'><strong>tom.</strong></span> <span class='ocrx_word' id='word_1_88' title='bbox 490 1344 505 1411; x_wconf 93' lang='lat' dir='ltr'><strong>l</strong></span> <span class='ocrx_word' id='word_1_89' title='bbox 526 1365 548 1432; x_wconf 92' lang='lat' dir='ltr'>p</span> <span class='ocrx_word' id='word_1_90' title='bbox 571 1344 653 1430; x_wconf 81' lang='lat'><strong>19.²)</strong></span> <span class='ocrx_word' id='word_1_91' title='bbox 698 1343 766 1410; x_wconf 92' lang='lat' dir='ltr'><strong>Hoc</strong></span> <span class='ocrx_word' id='word_1_92' title='bbox 788 1343 900 1412; x_wconf 90' lang='lat' dir='ltr'><strong>eodem</strong></span> <span class='ocrx_word' id='word_1_93' title='bbox 930 1343 1024 1415; x_wconf 91' lang='lat' dir='ltr'><strong>modo</strong></span> <span class='ocrx_word' id='word_1_94' title='bbox 1052 1351 1138 1414; x_wconf 88' lang='lat' dir='ltr'><strong>esset</strong></span> <span class='ocrx_word' id='word_1_95' title='bbox 1159 1345 1365 1432; x_wconf 84' lang='lat' dir='ltr'><strong>explicandus</strong></span> 
     </span>
     <span class='ocr_line' id='line_1_12' title="bbox 240 1447 1366 1536; baseline 0 -20"><span class='ocrx_word' id='word_1_96' title='bbox 240 1451 441 1524; x_wconf 86' lang='lat' dir='ltr'><strong>accusativus</strong></span> <span class='ocrx_word' id='word_1_97' title='bbox 464 1450 620 1536; x_wconf 88' lang='lat' dir='ltr'><strong>participii</strong></span> <span class='ocrx_word' id='word_1_98' title='bbox 645 1447 740 1534; x_wconf 90' lang='lat' dir='ltr'><strong>Soph.</strong></span> <span class='ocrx_word' id='word_1_99' title='bbox 766 1447 802 1516; x_wconf 90' lang='grc'><strong>0.</strong></span> <span class='ocrx_word' id='word_1_100' title='bbox 820 1447 854 1514; x_wconf 83' lang='lat' dir='ltr'><strong>G.</strong></span> <span class='ocrx_word' id='word_1_101' title='bbox 880 1449 962 1524; x_wconf 88' lang='grc'><strong>1361</strong></span> <span class='ocrx_word' id='word_1_102' title='bbox 986 1448 1203 1536; x_wconf 77' lang='grc' dir='ltr'>(μεμνημένον),</span> <span class='ocrx_word' id='word_1_103' title='bbox 1226 1450 1366 1518; x_wconf 87' lang='lat' dir='ltr'><strong>simodo</strong></span> 
     </span>
     <span class='ocr_line' id='line_1_13' title="bbox 238 1553 1052 1639; baseline -0.001 -20"><span class='ocrx_word' id='word_1_104' title='bbox 238 1557 270 1623; x_wconf 92' lang='lat' dir='ltr'><strong>iu</strong></span> <span class='ocrx_word' id='word_1_105' title='bbox 293 1554 403 1621; x_wconf 88' lang='lat' dir='ltr'><strong>codice</strong></span> <span class='ocrx_word' id='word_1_106' title='bbox 424 1553 557 1623; x_wconf 90' lang='lat' dir='ltr'><strong>traditus</strong></span> <span class='ocrx_word' id='word_1_107' title='bbox 581 1563 664 1620; x_wconf 86' lang='lat' dir='ltr'><strong>esset</strong></span> <span class='ocrx_word' id='word_1_108' title='bbox 685 1554 736 1634; x_wconf 88' lang='lat' dir='ltr'><strong>(cl.</strong></span> <span class='ocrx_word' id='word_1_109' title='bbox 760 1574 782 1639; x_wconf 91' lang='lat' dir='ltr'>p</span> <span class='ocrx_word' id='word_1_110' title='bbox 804 1555 867 1636; x_wconf 87' lang='lat'>30).</span> <span class='ocrx_word' id='word_1_111' title='bbox 1050 1629 1052 1636; x_wconf 25' lang='lat'><strong>⁴</strong></span> 
     </span>
    </p>

    <p class='ocr_par' dir='ltr' id='par_1_3' title="bbox 237 1657 1366 2674">
     <span class='ocr_line' id='line_1_14' title="bbox 323 1657 1360 1746; baseline -0.003 -19"><span class='ocrx_word' id='word_1_112' title='bbox 323 1657 409 1726; x_wconf 87' lang='lat' dir='ltr'><strong>Haec</strong></span> <span class='ocrx_word' id='word_1_113' title='bbox 430 1666 503 1725; x_wconf 88' lang='lat' dir='ltr'><strong>suut</strong></span> <span class='ocrx_word' id='word_1_114' title='bbox 524 1677 651 1742; x_wconf 84' lang='lat' dir='ltr'><strong>genera,</strong></span> <span class='ocrx_word' id='word_1_115' title='bbox 675 1677 754 1741; x_wconf 87' lang='lat' dir='ltr'><strong>quae</strong></span> <span class='ocrx_word' id='word_1_116' title='bbox 777 1659 977 1746; x_wconf 77' lang='lat' dir='ltr'><strong>participium</strong></span> <span class='ocrx_word' id='word_1_117' title='bbox 1005 1658 1123 1724; x_wconf 89' lang='lat' dir='ltr'><strong>habent</strong></span> <span class='ocrx_word' id='word_1_118' title='bbox 1144 1659 1176 1724; x_wconf 92' lang='lat' dir='ltr'><strong>iu</strong></span> <span class='ocrx_word' id='word_1_119' title='bbox 1200 1657 1262 1726; x_wconf 87' lang='lat' dir='ltr'><strong>alio</strong></span> <span class='ocrx_word' id='word_1_120' title='bbox 1285 1678 1360 1725; x_wconf 86' lang='lat' dir='ltr'><strong>casu</strong></span> 
     </span>
     <span class='ocr_line' id='line_1_15' title="bbox 237 1760 1363 1848; baseline 0 -20"><span class='ocrx_word' id='word_1_121' title='bbox 237 1763 384 1848; x_wconf 84' lang='lat' dir='ltr'><strong>positum,</strong></span> <span class='ocrx_word' id='word_1_122' title='bbox 407 1763 439 1827; x_wconf 94' lang='lat' dir='ltr'><strong>in</strong></span> <span class='ocrx_word' id='word_1_123' title='bbox 462 1760 524 1826; x_wconf 87' lang='lat' dir='ltr'><strong>alio</strong></span> <span class='ocrx_word' id='word_1_124' title='bbox 547 1780 624 1826; x_wconf 86' lang='lat' dir='ltr'><strong>casu</strong></span> <span class='ocrx_word' id='word_1_125' title='bbox 645 1779 776 1844; x_wconf 88' lang='lat' dir='ltr'><strong>nomen;</strong></span> <span class='ocrx_word' id='word_1_126' title='bbox 800 1766 894 1844; x_wconf 89' lang='lat' dir='ltr'><strong>atque</strong></span> <span class='ocrx_word' id='word_1_127' title='bbox 916 1760 995 1827; x_wconf 87' lang='lat' dir='ltr'><strong>haec</strong></span> <span class='ocrx_word' id='word_1_128' title='bbox 1015 1768 1088 1827; x_wconf 88' lang='lat' dir='ltr'><strong>sunt</strong></span> <span class='ocrx_word' id='word_1_129' title='bbox 1103 1760 1260 1847; x_wconf 82' lang='lat' dir='ltr'><strong>exempla,</strong></span> <span class='ocrx_word' id='word_1_130' title='bbox 1283 1781 1363 1845; x_wconf 87' lang='lat' dir='ltr'><strong>quae</strong></span> 
     </span>
     <span class='ocr_line' id='line_1_16' title="bbox 237 1863 1363 1953; baseline 0.001 -22"><span class='ocrx_word' id='word_1_131' title='bbox 237 1875 269 1932; x_wconf 94' lang='lat' dir='ltr'><strong>et</strong></span> <span class='ocrx_word' id='word_1_132' title='bbox 290 1868 361 1953; x_wconf 91' lang='lat' dir='ltr'><strong>ipsa</strong></span> <span class='ocrx_word' id='word_1_133' title='bbox 383 1864 598 1932; x_wconf 87' lang='lat' dir='ltr'><strong>diversissima</strong></span> <span class='ocrx_word' id='word_1_134' title='bbox 620 1883 689 1931; x_wconf 90' lang='lat' dir='ltr'><strong>esse</strong></span> <span class='ocrx_word' id='word_1_135' title='bbox 712 1865 775 1930; x_wconf 91' lang='lat' dir='ltr'><strong>iarn</strong></span> <span class='ocrx_word' id='word_1_136' title='bbox 804 1865 880 1932; x_wconf 89' lang='lat' dir='ltr'><strong>satis</strong></span> <span class='ocrx_word' id='word_1_137' title='bbox 908 1883 948 1930; x_wconf 84' lang='lat' dir='ltr'><strong>ex</strong></span> <span class='ocrx_word' id='word_1_138' title='bbox 974 1865 1021 1930; x_wconf 88' lang='lat' dir='ltr'><strong>eis</strong></span> <span class='ocrx_word' id='word_1_139' title='bbox 1048 1884 1128 1949; x_wconf 87' lang='lat' dir='ltr'><strong>quae</strong></span> <span class='ocrx_word' id='word_1_140' title='bbox 1163 1863 1265 1931; x_wconf 90' lang='lat' dir='ltr'><strong>adhuc</strong></span> <span class='ocrx_word' id='word_1_141' title='bbox 1299 1863 1363 1933; x_wconf 90' lang='lat' dir='ltr'><strong>dis·</strong></span> 
     </span>
     <span class='ocr_line' id='line_1_17' title="bbox 237 1966 1364 2054; baseline 0.004 -20"><span class='ocrx_word' id='word_1_142' title='bbox 237 1971 343 2054; x_wconf 85' lang='lat' dir='ltr'><strong>putavi</strong></span> <span class='ocrx_word' id='word_1_143' title='bbox 367 1969 484 2048; x_wconf 89' lang='lat' dir='ltr'><strong>elucet,</strong></span> <span class='ocrx_word' id='word_1_144' title='bbox 507 1989 527 2034; x_wconf 86' lang='lat' dir='ltr'><strong>a</strong></span> <span class='ocrx_word' id='word_1_145' title='bbox 549 1970 623 2034; x_wconf 85' lang='lat' dir='ltr'><strong>viris</strong></span> <span class='ocrx_word' id='word_1_146' title='bbox 646 1967 747 2035; x_wconf 88' lang='lat' dir='ltr'><strong>doctis</strong></span> <span class='ocrx_word' id='word_1_147' title='bbox 771 1967 927 2050; x_wconf 87' lang='lat' dir='ltr'><strong>adhibita,</strong></span> <span class='ocrx_word' id='word_1_148' title='bbox 962 1966 1106 2034; x_wconf 86' lang='lat' dir='ltr'><strong>utillum</strong></span> <span class='ocrx_word' id='word_1_149' title='bbox 1129 1967 1364 2039; x_wconf 78' lang='lat' dir='ltr'><strong>anacoluthicm</strong></span> 
     </span>
     <span class='ocr_line' id='line_1_18' title="bbox 237 2070 1364 2163; baseline 0.001 -26"><span class='ocrx_word' id='word_1_150' title='bbox 237 2073 445 2163; x_wconf 79' lang='lat' dir='ltr'><strong>explanarent</strong></span> <span class='ocrx_word' id='word_1_151' title='bbox 466 2077 560 2156; x_wconf 89' lang='lat' dir='ltr'><strong>atque</strong></span> <span class='ocrx_word' id='word_1_152' title='bbox 582 2071 787 2153; x_wconf 85' lang='lat' dir='ltr'><strong>illustrarent,</strong></span> <span class='ocrx_word' id='word_1_153' title='bbox 817 2091 897 2156; x_wconf 90' lang='lat' dir='ltr'><strong>quae</strong></span> <span class='ocrx_word' id='word_1_154' title='bbox 920 2077 1023 2150; x_wconf 69' lang='lat' dir='ltr'><strong>exstat</strong></span> <span class='ocrx_word' id='word_1_155' title='bbox 1044 2070 1138 2153; x_wconf 92' lang='lat' dir='ltr'><strong>locis,</strong></span> <span class='ocrx_word' id='word_1_156' title='bbox 1173 2091 1250 2155; x_wconf 88' lang='lat' dir='ltr'><strong>quos</strong></span> <span class='ocrx_word' id='word_1_157' title='bbox 1274 2072 1364 2138; x_wconf 90' lang='lat' dir='ltr'><strong>nobis</strong></span> 
     </span>
     <span class='ocr_line' id='line_1_19' title="bbox 237 2173 1364 2262; baseline 0 -21"><span class='ocrx_word' id='word_1_158' title='bbox 237 2176 386 2262; x_wconf 79' lang='lat' dir='ltr'><strong>proposui</strong></span> <span class='ocrx_word' id='word_1_159' title='bbox 407 2173 600 2241; x_wconf 88' lang='lat' dir='ltr'><strong>tractandos.</strong></span> <span class='ocrx_word' id='word_1_160' title='bbox 646 2173 753 2259; x_wconf 89' lang='lat' dir='ltr'><strong>ltaque</strong></span> <span class='ocrx_word' id='word_1_161' title='bbox 776 2176 840 2240; x_wconf 87' lang='lat' dir='ltr'><strong>iarn</strong></span> <span class='ocrx_word' id='word_1_162' title='bbox 863 2175 894 2242; x_wconf 92' lang='lat' dir='ltr'><strong>in</strong></span> <span class='ocrx_word' id='word_1_163' title='bbox 919 2176 1019 2241; x_wconf 91' lang='lat' dir='ltr'><strong>altera</strong></span> <span class='ocrx_word' id='word_1_164' title='bbox 1041 2182 1131 2261; x_wconf 86' lang='lat' dir='ltr'><strong>parte</strong></span> <span class='ocrx_word' id='word_1_165' title='bbox 1154 2173 1364 2261; x_wconf 83' lang='lat' dir='ltr'><strong>disputatiun-</strong></span> 
     </span>
     <span class='ocr_line' id='line_1_20' title="bbox 237 2277 1366 2364; baseline 0.002 -20"><span class='ocrx_word' id='word_1_166' title='bbox 237 2280 328 2364; x_wconf 82' lang='lat' dir='ltr'><strong>culae</strong></span> <span class='ocrx_word' id='word_1_167' title='bbox 351 2283 427 2364; x_wconf 90' lang='lat' dir='ltr'><strong>puto</strong></span> <span class='ocrx_word' id='word_1_168' title='bbox 451 2277 483 2344; x_wconf 94' lang='lat' dir='ltr'><strong>id</strong></span> <span class='ocrx_word' id='word_1_169' title='bbox 506 2298 611 2344; x_wconf 89' lang='lat' dir='ltr'><strong>meum</strong></span> <span class='ocrx_word' id='word_1_170' title='bbox 635 2277 770 2344; x_wconf 79' lang='lat' dir='ltr'><strong>futurum</strong></span> <span class='ocrx_word' id='word_1_171' title='bbox 799 2299 878 2360; x_wconf 88' lang='lat' dir='ltr'><strong>esse,</strong></span> <span class='ocrx_word' id='word_1_172' title='bbox 907 2287 941 2344; x_wconf 91' lang='lat' dir='ltr'><strong>ut</strong></span> <span class='ocrx_word' id='word_1_173' title='bbox 963 2278 1099 2362; x_wconf 86' lang='lat' dir='ltr'><strong>videam,</strong></span> <span class='ocrx_word' id='word_1_174' title='bbox 1126 2298 1202 2344; x_wconf 91' lang='lat' dir='ltr'><strong>uum</strong></span> <span class='ocrx_word' id='word_1_175' title='bbox 1235 2299 1269 2346; x_wconf 89' lang='lat' dir='ltr'><strong>re</strong></span> <span class='ocrx_word' id='word_1_176' title='bbox 1292 2299 1366 2348; x_wconf 89' lang='lat' dir='ltr'><strong>vera</strong></span> 
     </span>
     <span class='ocr_line' id='line_1_21' title="bbox 238 2381 1364 2468; baseline 0.002 -20"><span class='ocrx_word' id='word_1_177' title='bbox 238 2381 302 2459; x_wconf 82' lang='lat' dir='ltr'><strong>illis</strong></span> <span class='ocrx_word' id='word_1_178' title='bbox 335 2381 550 2467; x_wconf 87' lang='lat' dir='ltr'><strong>exemplorum</strong></span> <span class='ocrx_word' id='word_1_179' title='bbox 587 2381 755 2464; x_wconf 83' lang='lat' dir='ltr'><strong>generibus</strong></span> <span class='ocrx_word' id='word_1_180' title='bbox 792 2400 832 2448; x_wconf 86' lang='lat' dir='ltr'><strong>aa</strong></span> <span class='ocrx_word' id='word_1_181' title='bbox 864 2382 1056 2468; x_wconf 84' lang='lat' dir='ltr'><strong>proprietas,</strong></span> <span class='ocrx_word' id='word_1_182' title='bbox 1094 2401 1174 2466; x_wconf 86' lang='lat' dir='ltr'><strong>quae</strong></span> <span class='ocrx_word' id='word_1_183' title='bbox 1207 2382 1364 2456; x_wconf 85' lang='lat' dir='ltr'><strong>invenitur</strong></span> 
     </span>
     <span class='ocr_line' id='line_1_22' title="bbox 239 2483 1362 2571; baseline 0.004 -21"><span class='ocrx_word' id='word_1_184' title='bbox 239 2484 295 2571; x_wconf 79' lang='lat' dir='ltr'><strong>er,</strong></span> <span class='ocrx_word' id='word_1_185' title='bbox 319 2485 392 2568; x_wconf 89' lang='grc'><strong>399,</strong></span> <span class='ocrx_word' id='word_1_186' title='bbox 421 2483 469 2551; x_wconf 82' lang='grc' dir='ltr'><strong>ΕΙ.</strong></span> <span class='ocrx_word' id='word_1_187' title='bbox 492 2486 566 2566; x_wconf 89' lang='grc'><strong>479,</strong></span> <span class='ocrx_word' id='word_1_188' title='bbox 595 2483 683 2560; x_wconf 87' lang='lat' dir='ltr'><strong>Pers.</strong></span> <span class='ocrx_word' id='word_1_189' title='bbox 712 2485 785 2567; x_wconf 89' lang='grc'><strong>890,</strong></span> <span class='ocrx_word' id='word_1_190' title='bbox 814 2483 1016 2571; x_wconf 80' lang='lat' dir='ltr'><strong>expediatur3</strong></span> <span class='ocrx_word' id='word_1_191' title='bbox 1050 2485 1223 2567; x_wconf 89' lang='lat' dir='ltr'><strong>siminus,</strong></span> <span class='ocrx_word' id='word_1_192' title='bbox 1255 2494 1291 2556; x_wconf 89' lang='lat' dir='ltr'><strong>ut</strong></span> <span class='ocrx_word' id='word_1_193' title='bbox 1316 2489 1362 2554; x_wconf 92' lang='lat' dir='ltr'><strong>in·</strong></span> 
     </span>
     <span class='ocr_line' id='line_1_23' title="bbox 238 2584 1364 2674; baseline 0.002 -20"><span class='ocrx_word' id='word_1_194' title='bbox 238 2590 401 2671; x_wconf 85' lang='lat' dir='ltr'><strong>vestigem,</strong></span> <span class='ocrx_word' id='word_1_195' title='bbox 425 2584 580 2672; x_wconf 90' lang='lat' dir='ltr'><strong>quomodo</strong></span> <span class='ocrx_word' id='word_1_196' title='bbox 604 2585 819 2674; x_wconf 82' lang='lat' dir='ltr'><strong>discrepantia</strong></span> <span class='ocrx_word' id='word_1_197' title='bbox 841 2607 970 2656; x_wconf 87' lang='lat' dir='ltr'><strong>casuum</strong></span> <span class='ocrx_word' id='word_1_198' title='bbox 998 2589 1081 2657; x_wconf 89' lang='lat' dir='ltr'><strong>iuter</strong></span> <span class='ocrx_word' id='word_1_199' title='bbox 1107 2589 1310 2674; x_wconf 86' lang='lat' dir='ltr'><strong>participium</strong></span> <span class='ocrx_word' id='word_1_200' title='bbox 1333 2596 1364 2656; x_wconf 86' lang='lat' dir='ltr'><strong>et</strong></span> 
     </span>
    </p>
   </div>
   <div class='ocr_carea' id='block_1_3' title="bbox 236 2687 667 2777">
    <p class='ocr_par' dir='ltr' id='par_1_4' title="bbox 236 2687 667 2777">
     <span class='ocr_line' id='line_1_24' title="bbox 236 2687 667 2777; baseline -0.002 -18"><span class='ocrx_word' id='word_1_201' title='bbox 236 2711 351 2761; x_wconf 87' lang='lat' dir='ltr'><strong>nomon</strong></span> <span class='ocrx_word' id='word_1_202' title='bbox 375 2697 462 2758; x_wconf 85' lang='lat' dir='ltr'><strong>recte</strong></span> <span class='ocrx_word' id='word_1_203' title='bbox 484 2687 667 2777; x_wconf 81' lang='lat' dir='ltr'><strong>explicetur.</strong></span> 
     </span>
    </p>
   </div>
   <div class='ocr_carea' id='block_1_4' title="bbox 701 2863 904 2933">
    <p class='ocr_par' dir='ltr' id='par_1_5' title="bbox 701 2863 904 2933">
     <span class='ocr_line' id='line_1_25' title="bbox 701 2863 904 2933; baseline 0 0"><span class='ocrx_word' id='word_1_204' title='bbox 701 2866 821 2933; x_wconf 83' lang='lat' dir='ltr'><strong>Pars</strong></span> <span class='ocrx_word' id='word_1_205' title='bbox 843 2863 904 2933; x_wconf 75' lang='lat'><strong>11</strong></span> 
     </span>
    </p>
   </div>
   <div class='ocr_carea' id='block_1_5' title="bbox 235 2991 1367 3704">
    <p class='ocr_par' dir='ltr' id='par_1_6' title="bbox 235 2991 1367 3704">
     <span class='ocr_line' id='line_1_26' title="bbox 322 2991 1365 3082; baseline 0 -20"><span class='ocrx_word' id='word_1_206' title='bbox 322 2993 417 3073; x_wconf 82' lang='lat' dir='ltr'><strong>Quasi</strong></span> <span class='ocrx_word' id='word_1_207' title='bbox 440 3013 553 3081; x_wconf 87' lang='lat' dir='ltr'><strong>campo</strong></span> <span class='ocrx_word' id='word_1_208' title='bbox 576 3003 709 3082; x_wconf 78' lang='lat' dir='ltr'><strong>purgato</strong></span> <span class='ocrx_word' id='word_1_209' title='bbox 732 2991 887 3060; x_wconf 87' lang='lat' dir='ltr'><strong>accedens</strong></span> <span class='ocrx_word' id='word_1_210' title='bbox 910 2991 1104 3062; x_wconf 81' lang='lat' dir='ltr'><strong>adulteram</strong></span> <span class='ocrx_word' id='word_1_211' title='bbox 1127 2999 1250 3082; x_wconf 90' lang='lat' dir='ltr'><strong>partem</strong></span> <span class='ocrx_word' id='word_1_212' title='bbox 1268 3001 1365 3062; x_wconf 86' lang='lat' dir='ltr'><strong>antea</strong></span> 
     </span>
     <span class='ocr_line' id='line_1_27' title="bbox 236 3094 1365 3183; baseline 0.002 -18"><span class='ocrx_word' id='word_1_213' title='bbox 236 3099 374 3165; x_wconf 86' lang='lat' dir='ltr'><strong>breviter</strong></span> <span class='ocrx_word' id='word_1_214' title='bbox 397 3097 600 3183; x_wconf 87' lang='lat' dir='ltr'><strong>complectar,</strong></span> <span class='ocrx_word' id='word_1_215' title='bbox 624 3096 708 3181; x_wconf 91' lang='lat' dir='ltr'><strong>quod</strong></span> <span class='ocrx_word' id='word_1_216' title='bbox 731 3097 947 3183; x_wconf 87' lang='lat' dir='ltr'><strong>prioreparte</strong></span> <span class='ocrx_word' id='word_1_217' title='bbox 974 3094 1150 3164; x_wconf 84' lang='lat' dir='ltr'><strong>didicimus</strong></span> <span class='ocrx_word' id='word_1_218' title='bbox 1187 3096 1365 3167; x_wconf 87' lang='lat' dir='ltr'><strong>Didicimus</strong></span> 
     </span>
     <span class='ocr_line' id='line_1_28' title="bbox 237 3199 1367 3285; baseline 0 -17"><span class='ocrx_word' id='word_1_219' title='bbox 237 3209 341 3269; x_wconf 90' lang='lat' dir='ltr'><strong>autem</strong></span> <span class='ocrx_word' id='word_1_220' title='bbox 365 3201 458 3267; x_wconf 85' lang='lat' dir='ltr'><strong>haec:</strong></span> <span class='ocrx_word' id='word_1_221' title='bbox 503 3199 672 3285; x_wconf 86' lang='lat' dir='ltr'><strong>Participio</strong></span> <span class='ocrx_word' id='word_1_222' title='bbox 697 3221 716 3266; x_wconf 93' lang='lat' dir='ltr'><strong>a</strong></span> <span class='ocrx_word' id='word_1_223' title='bbox 739 3200 865 3265; x_wconf 91' lang='lat' dir='ltr'><strong>nornine</strong></span> <span class='ocrx_word' id='word_1_224' title='bbox 894 3199 996 3266; x_wconf 88' lang='lat' dir='ltr'><strong>soluto</strong></span> <span class='ocrx_word' id='word_1_225' title='bbox 1024 3201 1188 3284; x_wconf 85' lang='lat' dir='ltr'><strong>genetivus</strong></span> <span class='ocrx_word' id='word_1_226' title='bbox 1217 3201 1283 3268; x_wconf 84' lang='lat' dir='ltr'><strong>iore</strong></span> <span class='ocrx_word' id='word_1_227' title='bbox 1316 3212 1367 3268; x_wconf 88' lang='lat' dir='ltr'><strong>est</strong></span> 
     </span>
     <span class='ocr_line' id='line_1_29' title="bbox 236 3301 1362 3392; baseline 0 -20"><span class='ocrx_word' id='word_1_228' title='bbox 236 3306 356 3392; x_wconf 87' lang='lat' dir='ltr'><strong>positus</strong></span> <span class='ocrx_word' id='word_1_229' title='bbox 381 3304 453 3370; x_wconf 89' lang='lat' dir='ltr'><strong>inde</strong></span> <span class='ocrx_word' id='word_1_230' title='bbox 476 3306 515 3372; x_wconf 90' lang='lat' dir='ltr'><strong>ab</strong></span> <span class='ocrx_word' id='word_1_231' title='bbox 539 3303 665 3370; x_wconf 90' lang='lat' dir='ltr'><strong>Homeri</strong></span> <span class='ocrx_word' id='word_1_232' title='bbox 695 3307 814 3383; x_wconf 83' lang='lat' dir='ltr'><strong>aetate3</strong></span> <span class='ocrx_word' id='word_1_233' title='bbox 848 3302 932 3390; x_wconf 91' lang='lat' dir='ltr'><strong>apud</strong></span> <span class='ocrx_word' id='word_1_234' title='bbox 954 3301 1126 3371; x_wconf 85' lang='lat' dir='ltr'><strong>Homerum</strong></span> <span class='ocrx_word' id='word_1_235' title='bbox 1159 3305 1263 3391; x_wconf 83' lang='lat' dir='ltr'><strong>ipsum</strong></span> <span class='ocrx_word' id='word_1_236' title='bbox 1296 3306 1362 3373; x_wconf 87' lang='lat' dir='ltr'><strong>sin·</strong></span> 
     </span>
     <span class='ocr_line' id='line_1_30' title="bbox 235 3407 1364 3496; baseline 0.003 -22"><span class='ocrx_word' id='word_1_237' title='bbox 235 3408 367 3493; x_wconf 80' lang='lat' dir='ltr'><strong>gillatim</strong></span> <span class='ocrx_word' id='word_1_238' title='bbox 391 3407 515 3475; x_wconf 89' lang='lat' dir='ltr'><strong>dativus</strong></span> <span class='ocrx_word' id='word_1_239' title='bbox 539 3428 670 3492; x_wconf 90' lang='lat' dir='ltr'><strong>quoque,</strong></span> <span class='ocrx_word' id='word_1_240' title='bbox 693 3415 727 3473; x_wconf 91' lang='lat' dir='ltr'><strong>ut</strong></span> <span class='ocrx_word' id='word_1_241' title='bbox 750 3413 879 3492; x_wconf 88' lang='lat' dir='ltr'><strong>uterque</strong></span> <span class='ocrx_word' id='word_1_242' title='bbox 901 3426 994 3475; x_wconf 84' lang='lat' dir='ltr'><strong>casus</strong></span> <span class='ocrx_word' id='word_1_243' title='bbox 1021 3408 1166 3476; x_wconf 87' lang='lat' dir='ltr'><strong>absolute</strong></span> <span class='ocrx_word' id='word_1_244' title='bbox 1194 3417 1364 3496; x_wconf 88' lang='lat' dir='ltr'><strong>usurpatus</strong></span> 
     </span>
     <span class='ocr_line' id='line_1_31' title="bbox 235 3508 1364 3596; baseline 0.003 -20"><span class='ocrx_word' id='word_1_245' title='bbox 235 3512 378 3578; x_wconf 87' lang='lat' dir='ltr'><strong>videatur</strong></span> <span class='ocrx_word' id='word_1_246' title='bbox 404 3511 445 3596; x_wconf 80' lang='lat' dir='ltr'><strong>(ll</strong></span> <span class='ocrx_word' id='word_1_247' title='bbox 468 3512 487 3593; x_wconf 64' lang='grc' dir='ltr'><strong>ἕ</strong></span> <span class='ocrx_word' id='word_1_248' title='bbox 511 3514 527 3574; x_wconf 93' lang='grc'>1</span> <span class='ocrx_word' id='word_1_249' title='bbox 552 3531 573 3596; x_wconf 94' lang='lat' dir='ltr'><strong>p</strong></span> <span class='ocrx_word' id='word_1_250' title='bbox 596 3513 616 3574; x_wconf 94' lang='grc'><strong>9</strong></span> <span class='ocrx_word' id='word_1_251' title='bbox 643 3512 734 3595; x_wconf 70' lang='grc' dir='ltr'>ειμι.)</span> <span class='ocrx_word' id='word_1_252' title='bbox 781 3508 904 3575; x_wconf 89' lang='lat' dir='ltr'><strong>Deinde</strong></span> <span class='ocrx_word' id='word_1_253' title='bbox 933 3512 1124 3579; x_wconf 89' lang='lat' dir='ltr'><strong>constructio</strong></span> <span class='ocrx_word' id='word_1_254' title='bbox 1157 3515 1231 3577; x_wconf 81' lang='lat' dir='ltr'><strong>aurci</strong></span> <span class='ocrx_word' id='word_1_255' title='bbox 1253 3515 1364 3579; x_wconf 79' lang='grc' dir='ltr'><strong>σύνεσιν</strong></span> 
     </span>
     <span class='ocr_line' id='line_1_32' title="bbox 235 3616 1364 3704; baseline 0.004 -21"><span class='ocrx_word' id='word_1_256' title='bbox 235 3618 345 3701; x_wconf 71' lang='lat' dir='ltr'><strong>elficd,</strong></span> <span class='ocrx_word' id='word_1_257' title='bbox 379 3625 415 3684; x_wconf 93' lang='lat' dir='ltr'><strong>ut</strong></span> <span class='ocrx_word' id='word_1_258' title='bbox 447 3617 645 3703; x_wconf 83' lang='lat' dir='ltr'><strong>participium</strong></span> <span class='ocrx_word' id='word_1_259' title='bbox 674 3616 769 3681; x_wconf 89' lang='lat' dir='ltr'><strong>alium</strong></span> <span class='ocrx_word' id='word_1_260' title='bbox 804 3635 913 3682; x_wconf 80' lang='lat' dir='ltr'><strong>carum</strong></span> <span class='ocrx_word' id='word_1_261' title='bbox 947 3617 1085 3702; x_wconf 87' lang='lat' dir='ltr'><strong>accipiat</strong></span> <span class='ocrx_word' id='word_1_262' title='bbox 1119 3623 1213 3704; x_wconf 88' lang='lat' dir='ltr'><strong>atque</strong></span> <span class='ocrx_word' id='word_1_263' title='bbox 1247 3639 1364 3686; x_wconf 90' lang='lat' dir='ltr'><strong>nomen</strong></span> 
     </span>
    </p>
   </div>
   <div class='ocr_carea' id='block_1_6' title="bbox 233 3803 1508 4204">
    <p class='ocr_par' dir='ltr' id='par_1_7' title="bbox 236 3803 1364 3959">
     <span class='ocr_line' id='line_1_33' title="bbox 320 3803 1364 3875; baseline 0.006 -16"><span class='ocrx_word' id='word_1_264' title='bbox 320 3805 340 3874; x_wconf 81' lang='grc'><strong>1)</strong></span> <span class='ocrx_word' id='word_1_265' title='bbox 359 3804 433 3872; x_wconf 86' lang='lat' dir='ltr'><strong>quod</strong></span> <span class='ocrx_word' id='word_1_266' title='bbox 450 3803 561 3859; x_wconf 88' lang='lat' dir='ltr'><strong>dicendi</strong></span> <span class='ocrx_word' id='word_1_267' title='bbox 575 3819 660 3873; x_wconf 78' lang='lat' dir='ltr'><strong>genus</strong></span> <span class='ocrx_word' id='word_1_268' title='bbox 673 3820 726 3858; x_wconf 92' lang='lat' dir='ltr'><strong>nou</strong></span> <span class='ocrx_word' id='word_1_269' title='bbox 741 3803 868 3860; x_wconf 83' lang='lat' dir='ltr'><strong>abhorret</strong></span> <span class='ocrx_word' id='word_1_270' title='bbox 881 3821 897 3858; x_wconf 83' lang='lat' dir='ltr'><strong>a</strong></span> <span class='ocrx_word' id='word_1_271' title='bbox 909 3819 1034 3859; x_wconf 86' lang='lat' dir='ltr'><strong>sermone</strong></span> <span class='ocrx_word' id='word_1_272' title='bbox 1053 3805 1154 3860; x_wconf 87' lang='lat' dir='ltr'><strong>Latino</strong></span> <span class='ocrx_word' id='word_1_273' title='bbox 1168 3806 1213 3875; x_wconf 83' lang='lat' dir='ltr'><strong>[ci.</strong></span> <span class='ocrx_word' id='word_1_274' title='bbox 1227 3807 1364 3865; x_wconf 85' lang='lat' dir='ltr'><strong>Schmalz.</strong></span> 
     </span>
     <span class='ocr_line' id='line_1_34' title="bbox 236 3889 685 3959; baseline 0 -14"><span class='ocrx_word' id='word_1_275' title='bbox 236 3894 281 3947; x_wconf 69' lang='lat' dir='ltr'><strong>ln.</strong></span> <span class='ocrx_word' id='word_1_276' title='bbox 301 3889 416 3945; x_wconf 84' lang='lat' dir='ltr'><strong>Mueller</strong></span> <span class='ocrx_word' id='word_1_277' title='bbox 434 3890 542 3946; x_wconf 84' lang='lat' dir='ltr'><strong>Hdbclr.</strong></span> <span class='ocrx_word' id='word_1_278' title='bbox 561 3891 597 3947; x_wconf 89' lang='grc' dir='ltr'><strong>ΙΙ.</strong></span> <span class='ocrx_word' id='word_1_279' title='bbox 616 3891 685 3959; x_wconf 84' lang='grc'><strong>394).</strong></span> 
     </span>
    </p>

    <p class='ocr_par' dir='ltr' id='par_1_8' title="bbox 233 3975 1508 4204">
     <span class='ocr_line' id='line_1_35' title="bbox 318 3975 1508 4047; baseline 0.007 -17"><span class='ocrx_word' id='word_1_280' title='bbox 318 3976 340 4047; x_wconf 64' lang='grc'><strong>9)</strong></span> <span class='ocrx_word' id='word_1_281' title='bbox 358 3975 430 4030; x_wconf 84' lang='lat' dir='ltr'><strong>huuc</strong></span> <span class='ocrx_word' id='word_1_282' title='bbox 447 3975 538 4030; x_wconf 88' lang='lat' dir='ltr'><strong>locum</strong></span> <span class='ocrx_word' id='word_1_283' title='bbox 550 3976 719 4030; x_wconf 83' lang='lat' dir='ltr'><strong>Abreschius</strong></span> <span class='ocrx_word' id='word_1_284' title='bbox 734 3975 806 4046; x_wconf 76' lang='lat' dir='ltr'><strong>(adu.</strong></span> <span class='ocrx_word' id='word_1_285' title='bbox 818 3976 853 4030; x_wconf 80' lang='lat' dir='ltr'><strong>sd</strong></span> <span class='ocrx_word' id='word_1_286' title='bbox 866 3976 913 4032; x_wconf 81' lang='lat' dir='ltr'><strong>Oh.</strong></span> <span class='ocrx_word' id='word_1_287' title='bbox 926 3977 987 4046; x_wconf 88' lang='grc'><strong>399)</strong></span> <span class='ocrx_word' id='word_1_288' title='bbox 1002 3977 1103 4043; x_wconf 85' lang='lat' dir='ltr'><strong>attulit,</strong></span> <span class='ocrx_word' id='word_1_289' title='bbox 1122 3979 1194 4034; x_wconf 88' lang='lat' dir='ltr'><strong>sicut</strong></span> <span class='ocrx_word' id='word_1_290' title='bbox 1206 3979 1364 4038; x_wconf 87' lang='lat' dir='ltr'><strong>Diudortlus</strong></span> <span class='ocrx_word' id='word_1_291' title='bbox 1507 4013 1508 4022; x_wconf 37' lang='grc' dir='ltr'>ι</span> 
     </span>
     <span class='ocr_line' id='line_1_36' title="bbox 233 4060 1508 4134; baseline 0.003 -17"><span class='ocrx_word' id='word_1_292' title='bbox 233 4062 286 4132; x_wconf 72' lang='lat' dir='ltr'><strong>(itt.</strong></span> <span class='ocrx_word' id='word_1_293' title='bbox 303 4061 365 4132; x_wconf 84' lang='grc'><strong>479)</strong></span> <span class='ocrx_word' id='word_1_294' title='bbox 387 4062 557 4134; x_wconf 81' lang='lat' dir='ltr'><strong>comparavit</strong></span> <span class='ocrx_word' id='word_1_295' title='bbox 574 4061 644 4117; x_wconf 83' lang='lat' dir='ltr'><strong>Plat.</strong></span> <span class='ocrx_word' id='word_1_296' title='bbox 662 4060 731 4132; x_wconf 85' lang='lat' dir='ltr'><strong>Rep.</strong></span> <span class='ocrx_word' id='word_1_297' title='bbox 749 4063 773 4126; x_wconf 82' lang='grc'><strong>3,</strong></span> <span class='ocrx_word' id='word_1_298' title='bbox 797 4062 855 4126; x_wconf 83' lang='grc'><strong>453,</strong></span> <span class='ocrx_word' id='word_1_299' title='bbox 874 4069 904 4116; x_wconf 91' lang='lat' dir='ltr'><strong>ut</strong></span> <span class='ocrx_word' id='word_1_300' title='bbox 922 4078 1034 4117; x_wconf 84' lang='lat' dir='ltr'><strong>casuum</strong></span> <span class='ocrx_word' id='word_1_301' title='bbox 1052 4063 1177 4133; x_wconf 81' lang='lat' dir='ltr'><strong>enallage</strong></span> <span class='ocrx_word' id='word_1_302' title='bbox 1204 4066 1292 4134; x_wconf 83' lang='lat' dir='ltr'><strong>qualis</strong></span> <span class='ocrx_word' id='word_1_303' title='bbox 1319 4071 1364 4122; x_wconf 85' lang='lat' dir='ltr'><strong>cst</strong></span> <span class='ocrx_word' id='word_1_304' title='bbox 1507 4107 1508 4130; x_wconf 76' lang='grc'><strong>,</strong></span> 
     </span>
     <span class='ocr_line' id='line_1_37' title="bbox 233 4147 1375 4204; baseline -0.001 0"><span class='ocrx_word' id='word_1_305' title='bbox 233 4149 281 4204; x_wconf 76' lang='lat' dir='ltr'><strong>on</strong></span> <span class='ocrx_word' id='word_1_306' title='bbox 300 4147 350 4204; x_wconf 71' lang='grc'><strong>399</strong></span> <span class='ocrx_word' id='word_1_307' title='bbox 368 4148 558 4204; x_wconf 85' lang='lat' dir='ltr'><strong>illustraretur.</strong></span> <span class='ocrx_word' id='word_1_308' title='bbox 1372 4149 1375 4156; x_wconf 85' lang='lat'>&#39;</span> 
     </span>
    </p>
   </div>
   <div class='ocr_carea' id='block_1_7' title="bbox 0 0 1548 4680">
    <p class='ocr_par' dir='ltr' id='par_1_9' title="bbox 0 0 1548 4680">
     <span class='ocr_line' id='line_1_38' title="bbox 0 0 1548 4680; baseline 0 0"><span class='ocrx_word' id='word_1_309' title='bbox 0 0 1548 4680; x_wconf 95' lang='lat' dir='ltr'><strong> </strong></span> 
     </span>
    </p>
   </div>
  </div>
 </body>
</html>
