3086 4680
686 233 898 304 -48.-

250 466 253 470 -
314 422 464 492 Similiter
497 446 531 506 se
561 424 660 490 babet
692 424 771 490 illud
805 425 937 491 alterum
972 446 1012 491 ex
1046 423 1211 510 Sophoclis
1243 423 1356 490 fabulis

228 534 404 614 sumptnm3
438 529 571 612 legimus
605 530 688 595 enirn
719 527 799 595 Oed.
823 527 890 594 Col.-
914 529 997 594 1436
1031 527 1171 614 (recepto
1199 529 1354 615 axiacae,

229 633 312 718 quod
335 633 503 718 Burgeaius
526 640 614 702 recto
636 635 770 701 restituit
792 654 848 720 pro
871 634 1010 719 εὐαδοίη)

433 747 515 828 σφῶν
539 741 570 804 εὖ
592 742 679 825 διδοίη
703 740 783 818 Ζεὺς,
805 739 876 803 τόδ’Δ
892 743 916 802 εἰ
939 741 1045 805 τελεῖτέ
1069 764 1114 825 μοι

266 921 269 927 ,
432 845 558 924 θανόντ’,
584 847 642 910 ἐπεὶ
665 849 698 911 οὔ
721 871 766 932 μοι
790 847 878 918 ζῶντί
899 845 926 932 γ’
939 847 1021 918 αὖθις
1044 837 1148 921 ἕξεταν-
1251 861 1254 868 “

227 951 278 1016 bic
301 972 423 1036 quoquc
446 952 584 1020 dativum
609 977 655 1038 por
676 953 840 1036 habemus,
863 951 980 1019 deinde
995 953 1208 1020 accusativum
1223 951 1354 1034 laudab

226 1077 300 1123 nam
330 1059 403 1142 quin
430 1059 463 1122 in
490 1059 592 1125 forma
619 1057 733 1123 θανόντ’
761 1058 868 1124 littera
894 1084 912 1123 α
940 1059 981 1126 sit
997 1059 1100 1139 elisa,
1135 1080 1208 1124 non¹
1232 1058 1356 1142 dnbitc;

226 1171 359 1248 apparet
383 1163 532 1231 delictum
555 1165 752 1232 librariorum
777 1166 937 1251 multaque
959 1167 1127 1234 multorum
1151 1175 1224 1234 sunt
1247 1187 1355 1232 eman-

226 1265 324 1333 dandi
361 1269 537 1336 conamina.
545 1269 570 1353 ¹)
621 1269 684 1336 Sed
721 1271 851 1336 minimo
886 1291 961 1338 vora
988 1271 1159 1338 restituitur
1192 1270 1299 1351 lectio,¹
1326 1269 1356 1334 si

227 1391 333 1440 versus
369 1374 452 1437 1436
486 1378 570 1441 totns
604 1372 770 1458 deletur‚²)
805 1381 860 1440 aut
892 1376 919 1442 si
945 1374 1031 1441 idam
1059 1395 1166 1443 versus
1197 1374 1292 1440 alium
1321 1373 1355 1440 in

224 1475 329 1542 locum
344 1477 567 1562 transponitur.
574 1477 601 1560 ³)
635 1476 717 1555 Quid
734 1498 807 1545 vero
825 1487 929 1544 movet
945 1477 1179 1546 dubitationes?
1216 1475 1283 1543 Non
1300 1496 1354 1542 ac·

226 1581 383 1647 cusatirus
405 1583 530 1644 θανόντα
553 1579 658 1647 dativo
680 1605 726 1666 μοι
740 1583 899 1664 innotus4)
920 1620 961 1630 -
977 1583 1036 1649 etsi
1052 1583 1210 1648 neminem
1223 1580 1356 1664 'effugiat

224 1683 308 1752 bunc
329 1685 432 1753 locum
455 1686 498 1752 ad
519 1693 671 1771 tenorem,
695 1709 787 1773 quem
810 1689 859 1755 El.
882 1691 945 1753 479
963 1689 1011 1754 vel
1028 1687 1167 1775 Oboapb.
1184 1690 1247 1752 399
1259 1689 1353 1752 inre·

227 1789 340 1873 nimus,
352 1811 415 1856 non
428 1790 581 1858 accedere
599 1817 653 1874 -3
677 1791 734 1859 sed
748 1813 924 1878 pronomen
939 1795 1007 1857 τάδε
1022 1792 1106 1858 nude
1122 1800 1215 1876 atque
1230 1791 1354 1876 simpli·

226 1896 304 1962 citer
330 1897 477 1983 positum.
522 1896 605 1975 Quid
632 1900 715 1964 enirn
745 1899 810 1965 vult
835 1904 942 1986 poeta'
956 1918 1032 1966 voce
1059 1900 1126 1962 τάδε
1159 1893 1352 1980 significari?

225 1999 362 2085 Reisigio
397 2001 522 2087 qnidam
556 2005 623 2067 τάδε
656 2003 698 2070 ad
730 2004 826 2071 verba
859 2003 1083 2089 praecedentia
1115 2009 1156 2090 μή
1189 2001 1219 2088 p’
1232 2003 1354 2089 ἐπόσχῃτ

225 2105 267 2189 (ν.
293 2106 390 2189 1432)
419 2128 487 2174 esse
519 2107 718 2174 referendum
752 2111 894 2196 opinanti
928 2131 990 2177 non
1024 2115 1073 2176 est
1106 2108 1351 2176 assentiendum.

225 2207 309 2275 Nihil
332 2209 418 2276 alind
439 2211 579 2295 intellegi
602 2218 721 2298 potest,
751 2214 810 2280 nisi
834 2213 983 2296 bonores,
1013 2214 1124 2297 quibus
1151 2220 1185 2280 nt
1211 2218 1351 2277 mortuns

225 2313 378 2379 afliciatur
400 2312 573 2400 Polynices
592 2322 731 2400 exoptat.
764 2311 880 2383 Verum
904 2336 974 2382 curn
997 2314 1158 2401 Polynicis
1181 2315 1347 2400 plurimum

140 2425 147 2438 ⁴
223 2418 357 2500 intersit,
380 2425 414 2482 ut
436 2437 558 2485 sorores
581 2423 739 2486 extremos
762 2420 822 2485 sibi
844 2421 984 2486 tribuant
1005 2419 1156 2501 honores,
1180 2419 1344 2504 permirum

225 2525 282 2604 ast,
306 2521 332 2586 si
350 2527 450 2606 poeta
471 2520 606 2608 simplex
631 2521 716 2587 ‘raba’
740 2525 857 2608 posuit,
880 2524 962 2608 qnod
987 2523 1110 2590 brevius
1128 2521 1242 2588 dieitur
1258 2539 1348 2606 quarn

225 2625 359 2710 utquid
387 2627 557 2710 significari
585 2629 672 2712 velit,
707 2630 855 2697 continuo
883 2629 1099 2715 perspiciatur.
1144 2626 1179 2692 ld
1212 2646 1284 2692 vero
1308 2646 1350 2690 eo

225 2728 383 2796 difficilius
405 2729 449 2812 lit,
473 2730 640 2816 quodiam
664 2732 770 2798 multis
794 2739 867 2798 ante
890 2732 1030 2798 versibus
1050 2731 1093 2796 da
1116 2730 1234 2796 eisdem
1251 2728 1349 2794 hono·

127 2909 130 2912 ,
224 2833 310 2898 ribus
339 2832 457 2900 dictum
486 2841 548 2916 est,
574 2836 698 2902 interea
724 2843 830 2902 autem
859 2835 898 2901 de
926 2834 995 2901 aliis
1022 2835 1116 2901 rebus
1150 2855 1252 2900 sermo
1282 2832 1350 2898 fnit

225 2937 274 3004 An
298 2943 389 3021 putas
409 2936 591 3022 Polynicam
614 2945 678 3004 tam
702 2940 834 3004 obscure
856 2939 939 3022 loqui
960 2938 1096 3005 voluisse
1117 2938 1214 3005 tristis
1236 2937 1353 3002 ominis

225 3040 341 3107 cansa?
379 3040 415 3106 ld
437 3061 499 3107 non
522 3047 628 3127 potest
648 3041 725 3106 mihi
747 3041 940 3126 persuaderi,
964 3042 1146 3127 praesertim
1171 3063 1241 3109 cum
1263 3038 1351 3106 idern

224 3146 360 3228 ingenue
387 3145 524 3210 fateatur
550 3163 585 3211 se
614 3150 747 3212 mortem
776 3166 845 3212 esse
873 3146 1028 3212 obiturum
1057 3143 1099 3229 (v.
1124 3145 1231 3228 1437).
1275 3143 1353 3220 Post

225 3250 301 3326 τάδε,
325 3249 353 3315 si
375 3255 460 3315 recta
482 3249 594 3332 sentio,
617 3249 735 3332 aliquid
757 3249 930 3331 intercidit3
953 3246 1059 3334 itaque
1080 3247 1255 3333 adstipnlor
1271 3246 1349 3312 Har·

225 3375 356 3437 manno,
385 3354 437 3438 qni
463 3355 570 3438 posuit
596 3354 729 3420 lacunae
757 3355 848 3438 signa
874 3363 946 3440 post
972 3376 1000 3420 ν.
1026 3353 1117 3419 1435.
1163 3352 1250 3430 Quae
1278 3372 1349 3420 cum

316 3568 337 3637 1)
356 3568 497 3638 complura
519 3568 659 3636 congessit
680 3565 821 3634 assarua
850 3567 884 3622 de
908 3567 1032 3622 versibus
1054 3566 1189 3637 suspectis
1217 3571 1246 3620 et
1270 3566 1354 3620 intar-

225 3655 325 3726 polatis
342 3653 453 3710 fabulae
472 3654 554 3725 Soph.
573 3654 641 3709 Oed.
659 3653 718 3710 Gol.
740 3655 805 3708 1883
824 3670 841 3724 p
860 3654 901 3706 24.

308 3741 329 3810 2)
347 3740 375 3794 id
395 3741 466 3812 quod
484 3740 608 3795 iecerunt
626 3735 789 3805 Dindorfius,
808 3739 971 3805 Mainekins,
989 3738 1126 3794 Rassfeld.

310 3827 330 3896 3)
347 3827 375 3880 id
393 3827 466 3897 quod
489 3826 554 3881 fecit
572 3824 729 3896 Madvigius
752 3825 902 3890 (aduenit.
922 3825 1027 3892 1225),
1057 3841 1117 3880 curn
1142 3829 1257 3896 poneret
1279 3826 1351 3879 buno

223 3915 548 3983 rersnmpostv.1409.
1249 3901 1251 3904 ’
1350 3919 1353 3926 ’

307 3998 329 4068 4)
348 3999 421 4070 qdod
445 3999 572 4070 permulti
595 3999 755 4070 opinantur,
781 3999 855 4054 velut
873 3998 1039 4063 Lobaclrius,
1066 3998 1112 4068 qui
1135 3999 1260 4052 inversu
1284 3999 1350 4054 1436

223 4089 350 4145 mendum
369 4086 512 4141 vorborum
529 4085 691 4140 traiectione
708 4084 771 4139 tolli
789 4086 937 4140 arbitratur
956 4085 999 4154 [cl.
1019 4085 1055 4139 ad
1068 4085 1114 4140 Ai.
1126 4085 1196 4153 8021,
1216 4085 1250 4139 ci.
1266 4083 1350 4138 Mein.

224 4175 258 4228 ad
274 4173 316 4229 El.
329 4174 391 4228 4³3:
409 4173 463 4228 rari
482 4172 583 4226 suntin
597 4172 679 4241 Soph.
694 4171 771 4225 libris
784 4188 888 4226 errores
900 4171 1043 4225 verborum
1055 4172 1269 4240 transpositione
1282 4171 1349 4226 nati.
