3086 4680
672 225 884 298 ..50..

215 425 393 506 correptae„
421 417 553 488 enodem
581 419 702 486 sintin
731 417 929 504 antistropha
951 426 1129 506 surreptam
1163 439 1244 505 ques
1266 423 1348 492 ratio

214 521 303 597 uadit
328 524 485 610 imprimis
514 525 547 592 in
576 521 757 595 Promethei
785 521 911 592 fabulae
937 523 1089 592 earmina.
1135 521 1214 596 Cum
1242 530 1348 594 autom

215 647 278 698 non
301 627 352 710 sit,
375 645 431 694 our
453 624 646 714 strophioum
671 645 796 696 versum
812 645 883 696 esse
899 626 1046 696 vitiosum
1065 645 1266 712 censeamus,
1280 629 1350 696 inre

216 730 400 815 ambigitur,
426 749 502 800 num
531 730 743 798 nominativus
770 730 930 817 participii
952 731 1091 800 εἰσιδοῦσα
1119 737 1256 818 aposta
1277 733 1348 819 ipso

214 837 372 926 proiectus
394 837 445 905 sit.
474 835 563 906 Haeo
585 855 660 904 vero
682 835 837 907 dubitatio
853 855 891 904 eo
906 843 1048 923 augetur,
1071 837 1154 923 quod
1169 837 1347 924 Aeschylus

213 961 368 1027 nusquam
395 939 493 1010 habet
517 939 746 1010 nominativum
775 939 955 1010 absoiutum
983 941 1142 1028 partieipii
1175 941 1238 1012 alio
1270 961 1347 1010 assu

214 1046 351 1116 nominis
373 1041 585 1133 praecedente
609 1042 664 1126 (ei.
689 1064 711 1129 p
733 1043 800 1127 23).
830 1041 949 1120 Quodsi
973 1044 1055 1112 huno
1076 1045 1180 1114 ionum
1204 1045 1348 1132 Aesohy-

213 1150 298 1218 leum
321 1168 392 1217 oum
421 1147 549 1229 esteris,
576 1145 618 1212 de
646 1146 758 1229 quibus
785 1165 882 1232 supra
910 1145 1153 1234 disputavimus,
1179 1168 1348 1235 eompara-

214 1253 326 1336 nimus,
348 1253 431 1321 inter
452 1249 510 1318 hos
534 1256 566 1316 et
587 1246 939 1318 iilumsimiiitudinem
963 1250 1124 1334 quandam
1151 1251 1347 1320 intoroodere

213 1377 306 1426 nemo
335 1375 398 1424 non
425 1353 606 1440 perspiciet
653 1349 733 1419 Nam
761 1351 813 1420 hie
845 1372 969 1440 quoque
1002 1353 1091 1422 loeus
1124 1355 1283 1426 invenitur
1315 1357 1347 1424 in

212 1461 334 1548 lyrieis3
357 1458 545 1528 sententiam
563 1455 746 1541 primariam
770 1455 867 1522 sifieit
882 1457 1129 1539 eireumlooutio,
1153 1479 1234 1542 quae
1250 1457 1347 1526 adeo·

213 1566 331 1631 tionem
355 1558 513 1646 quandam
539 1559 696 1646 exprimit,
708 1566 814 1648 atque
830 1559 857 1626 is
873 1561 925 1644 qui
940 1559 1088 1644 loquitur,
1112 1561 1347 1646 quodammodo

213 1675 262 1734 est
294 1665 510 1752 perturbatus,
547 1682 619 1729 eum
654 1660 835 1728 Promethei
868 1664 1016 1733 miseram
1050 1663 1271 1734 condicionem
1305 1667 1348 1734 ad

212 1790 323 1838 saxum
356 1767 443 1834 aifixi
471 1765 638 1853 adspiciet.
674 1763 844 1831 Praeterea
867 1767 1010 1852 verbum,
1035 1767 1118 1852 quod
1142 1769 1275 1836 formam
1297 1771 1346 1836 in-

212 1873 281 1940 duit
312 1869 560 1960 partieipialem,
591 1865 661 1935 'vim
696 1867 854 1936 sentiendi
888 1870 983 1938 habet
1016 1872 1205 1938 universam.
1262 1871 1348 1957 Ergo

212 1976 390 2044 simillimus
413 1978 463 2040 est
483 1973 536 2039 hio
551 1972 640 2038 loeus
655 1972 728 2056 illis,
752 1992 829 2056 quos
846 1992 885 2038 ex
900 1972 1052 2060 Aesohyli
1067 1974 1182 2041 fabulis
1197 1974 1347 2063 deprom-

212 2083 343 2168 psimus.
389 2075 500 2143 Nonne
523 2078 617 2159 igitur
639 2077 706 2142 iure
729 2095 842 2143 nenses
865 2078 986 2146 restitui
1009 2079 1223 2146 accusativum
1245 2083 1347 2166 parti·

212 2183 286 2269 eipii
309 2177 485 2246 eiuratione?
516 2177 597 2245 Nam
619 2178 680 2244 hoo
703 2198 778 2245 oasu
794 2179 897 2264 posito
913 2179 1018 2266 prodit
1040 2182 1205 2268 responsio
1226 2182 1345 2270 pedum

210 2288 459 2369 accuratissima,
483 2304 554 2351 eum
577 2283 757 2350 terminatio
780 2306 833 2348 σαν
856 2283 1010 2371 producta
1025 2285 1080 2352 fiat
1102 2287 1142 2353 ob
1166 2285 1246 2355 duas
1269 2308 1346 2357 eon·

210 2399 361 2460 sonantes
383 2395 562 2473 sequentes.
594 2386 675 2467 Quid
699 2389 793 2456 vero?
816 2388 896 2457 haee
919 2392 1104 2458 coniectura
1126 2391 1269 2460 firmatur
1290 2393 1342 2460 iilo

209 2495 400 2577 testimonio,
434 2491 518 2577 quod
549 2491 683 2574 legimus
711 2490 796 2581 apud
824 2489 1025 2560 Wenhlinum
1056 2496 1090 2560 in
1117 2497 1272 2564 mantissa
1303 2495 1345 2562 ad

209 2599 240 2665 h.
257 2599 290 2681 l.,
314 2598 367 2663 ubi
383 2595 528 2664 Vitellius
552 2594 630 2661 dieii
652 2594 705 2660 <Μ.
723 2596 892 2684 scripserat
915 2599 975 2664 uisi
998 2598 1092 2665 iailor
1107 2599 1255 2666 εἰσιδούσᾶ·
1271 2599 1299 2666 h.
1317 2620 1346 2667 e.

210 2697 384 2772 steinensis!
429 2702 541 2787 itaque
569 2699 673 2766 indioo
703 2721 754 2767 me
788 2720 850 2767 non
878 2701 1068 2770 festinanter
1095 2725 1205 2789 agere,
1239 2704 1266 2772 si
1293 2725 1347 2772 as·

208 2811 327 2878 sentior
354 2810 409 2890 oie,
437 2807 489 2891 qui
516 2806 673 2896 scribunt:
705 2805 815 2894 φοβερά
838 2805 863 2870 δ’
877 2807 981 2892 ἐμοῖσιν
997 2811 1091 2882 ὄσσοις
1108 2807 1110 2895 i
1129 2813 1237 2900 ὁμίχλη
1260 2835 1346 2902 προς-

208 2907 264 3002 ιρΕε
287 2919 403 3004 πλήρης
420 2909 424 2997 i
440 2912 570 3000 δακρύων
586 2912 635 2974 σύν
651 2912 740 2993 δέμας
755 2913 911 2977 εἰσιδούσαν
929 2912 932 2999 i
949 2917 1063 3004 πέτραις
1078 2923 1344 3006 προσαυαινόμενον.

296 3020 425 3087 Duobus
454 3017 524 3084 aliis
552 3036 674 3100 quoque
701 3016 780 3082 loeis
809 3037 905 3085 causa
933 3022 1131 3106 eorruptelae
1160 3044 1229 3092 esse
1252 3044 1346 3111 repe-

208 3125 305 3193 tenda
332 3121 454 3190 videtur·
481 3141 521 3186 ex
550 3140 605 3202 eo,
640 3118 724 3206 quod
751 3119 871 3187 librarii
899 3142 962 3189 non
995 3134 1227 3211 perspexerunt
1261 3126 1346 3195 hano

209 3228 380 3296 aoousativi
396 3223 605 3312 partieipiaiis
621 3225 856 3309 proprietatem,
881 3245 975 3312 quam
990 3225 1222 3310 indagavimus.
1257 3227 1345 3298 Unus

208 3333 295 3399 loeus
330 3335 433 3396 exstat
465 3328 498 3392 irr
527 3346 565 3392 eo
593 3325 680 3392 chori
706 3328 861 3410 carmine,
896 3349 936 3394 ex
965 3350 1026 3414 quo
1060 3332 1122 3397 iem
1152 3335 1345 3420 sumpsimus

209 3435 287 3503 haee
302 3434 411 3499 verba:
427 3427 688 3494 desertorumve
711 3454 757 3515 μοι
780 3431 863 3520 φίλον
879 3435 948 3521 κέαρ
967 3431 970 3516 i
987 3436 1067 3498 τόνδε
1082 3436 1225 3501 κλύουσαν
1241 3438 1344 3514 οἶκτον,

208 3539 320 3625 quibus
343 3538 568 3606 continuantur
590 3533 658 3600 ilia:

516 3639 563 3702 aui
585 3643 649 3701 τότε
672 3639 723 3723 μέν
746 3640 887 3718 δύσελπις,

517 3745 667 3831 σπλάγχνα
690 3745 720 3808 δέ
744 3769 790 3828 μοι
811 3747 958 3812 κελαινοῦ*

516 3871 560 3912 ται
583 3851 653 3938 πρὸς
676 3849 742 3920 έπος
765 3851 912 3937 κλυούσᾳ·

466 3967 469 3972 “
517 3956 583 4018 ὅταν
606 3953 632 4018 δ’
643 3951 707 4018 αὖτ’
731 3955 855 4028 έπαλκές

516 4061 767 4150 δραρέαπέστασεν
791 4066 864 4152 ἄχος

516 4167 586 4258 πρὸς
608 4168 640 4231 τύ
664 4170 816 4256 φανεῖσθαί
840 4193 885 4253 μοι
909 4171 1017 4242 καλῶς

1519 512 1521 604 i
