3086 4680
666 235 878 296 ..17-

206 421 328 484 sumata
351 409 433 493 ἔδοξε
454 428 513 491 τοῖς
537 421 767 505 Λακεδαιμονίοις
790 423 837 485 καί
859 423 995 510 Ἀργείοις
1017 423 1140 493 σπονδὰς
1163 423 1209 486 καί1
1224 412 1336 506 ξυμμα-

207 529 272 614 χίαν
294 528 371 609 εἶμεν
394 531 569 612 πεντήκοντα
592 529 654 612 ἔτη,
679 528 721 592 ἐπὶ
744 535 803 599 τοῖς
818 529 894 600 ’ἴσοις
916 528 963 592 καί
986 529 1090 612 ὁμοίοις
1110 529 1190 600 δίκας
1212 529 1338 600 διδόντας

205 635 295 696 καττὰ
318 638 433 720 πάτρια
457 653 517 716 quo
540 632 674 701 deloco
698 655 727 700 v.
750 655 781 720 p.
805 633 856 699 20.

291 737 379 803 llaec
402 752 475 804 sunt
497 738 653 825 exempla,
677 757 759 824 quac
778 738 890 823 specie
916 738 1129 804 accusativum
1158 737 1336 805 absolutum

206 840 392 922 habentne
415 860 489 906 vera
511 860 575 908 non
598 841 724 908 habent.

292 1130 464 1200 Genetivus
497 1133 592 1218 igitur
625 1134 711 1200 solus
738 1169 780 1180 -
815 1153 888 1198 nam
923 1132 1064 1216 dativus,
1098 1132 1158 1198 etsi
1191 1139 1288 1207 came,
1310 1133 1338 1200 ίι

207 1255 328 1319 quoque
352 1235 535 1318 singillatim
559 1237 605 1302 sic
627 1243 795 1322 usurpatus
819 1243 877 1319 est,
899 1236 1002 1302 omitd
1017 1242 1122 1322 potest
1137 1272 1176 1290 .-
1194 1233 1339 1302 absolute

206 1339 325 1423 positus
347 1345 405 1421 est,
428 1359 499 1404 oum
523 1338 601 1405 nihil
623 1339 743 1423 luisset,
767 1338 852 1423 quod
874 1359 945 1406 eum
962 1339 1127 1406 excitaret.
1166 1336 1248 1415 Quid
1262 1358 1338 1406 vero

206 1448 254 1507 est
268 1440 416 1524 tandem,
439 1441 522 1527 quod
546 1463 618 1507 eam
641 1442 873 1509 anacoluthiam
898 1441 1049 1523 effecerit,
1076 1447 1111 1506 ut
1131 1440 1337 1527 participium

208 1563 277 1608 cum
300 1544 437 1610 nominis
461 1563 535 1612 casu
559 1565 622 1611 non
646 1564 822 1630 congruens
845 1565 909 1611 non
932 1545 1130 1629 genetivum,
1157 1542 1336 1610 sodalium

206 1646 365 1731 acciperet
386 1665 505 1729 casum,
528 1645 562 1711 id
584 1645 667 1732 quod
694 1667 758 1716 non
786 1667 856 1714 raro
883 1646 969 1733 apud
1001 1647 1172 1732 scriptores
1197 1643 1337 1712 Graecos

205 1747 323 1815 laetum
341 1767 413 1816 esse
429 1747 580 1816 videmus.
616 1746 706 1815 Unde
728 1759 834 1816 autem
851 1749 1025 1834 repetenda
1040 1748 1084 1816 sit
1100 1747 1337 1833 discrepantiae

206 1871 335 1918 casuum
359 1871 465 1934 causa,
487 1852 582 1920 facile
605 1852 778 1938 intelleget,
801 1853 854 1938 qui
876 1854 1053 1920 accuratius
1069 1851 1337 1937 contemplabitur

206 1974 261 2021 cos
282 1954 380 2037 locos,
404 1955 456 2039 qui
478 1956 680 2041 perticipium
703 1955 821 2022 habent
844 1955 993 2034 solutum3
1018 1955 1078 2022 hoe
1100 1955 1185 2020 enim
1206 1954 1337 2020 nomine

208 2054 339 2121 dixerim
362 2077 400 2124 ea
415 2059 592 2144 participia,
615 2078 696 2143 quae
712 2078 782 2124 curn
802 2059 939 2124 nominis
955 2077 1030 2124 casu
1047 2077 1110 2123 non
1131 2057 1339 2140 congruentia

208 2177 270 2223 non
292 2160 472 2240 genetivum
496 2159 656 2240 exhibent,
679 2158 736 2226 scd
752 2160 849 2225 alium
865 2179 983 2226 cesum.
1029 2158 1246 2226 Ooniormatio
1263 2179 1335 2224 sen-

206 2262 322 2326 tentiae
345 2263 416 2348 ipsa
438 2261 503 2328 lere
526 2261 659 2329 adduxit
682 2263 776 2330 istam
800 2261 1045 2342 anacoluthiam,
1073 2266 1107 2326 ut
1133 2261 1335 2348 participium

205 2383 340 2446 sequens
363 2365 451 2448 quasi
479 2373 643 2447 cogeretur
670 2364 767 2454 alium
795 2384 902 2430 casum
931 2365 1200 2448 acciperentque
1233 2363 1335 2430 nomi·

205 2465 253 2530 nis
265 2466 348 2546 eius3
365 2466 568 2550 quamobrem
581 2487 620 2532 ca
631 2472 789 2534 structura
798 2466 979 2553 appellatur
990 2465 1119 2533 nomine
1130 2468 1204 2528 κατὰ
1216 2467 1335 2544 σύνεσιν

206 2605 246 2614 -
268 2589 330 2653 qua
352 2569 580 2652 significatione
593 2589 644 2650 ue
667 2572 834 2637 abutamur
856 2571 1032 2636 cavendum
1057 2576 1113 2637 est
1153 2569 1241 2636 Haec
1257 2589 1334 2636 ana·

207 2671 343 2738 coluthia
365 2674 536 2738 maximam
567 2681 689 2758 partem
718 2673 816 2738 oritur
842 2679 897 2738 aut
923 2693 940 2737 e
968 2673 1201 2758 perspicuitatis
1230 2671 1334 2740 studio

205 2781 258 2840 aut
280 2795 320 2842 ex
342 2774 493 2860 loquendi
516 2776 733 2858 neglegentia,
766 2796 847 2860 quac
875 2794 991 2842 causac
1018 2774 1137 2841 cadunt
1169 2776 1271 2858 magis
1300 2777 1332 2842 in

205 2877 378 2950 orationem
401 2876 581 2964 pedestrem
606 2898 699 2962 quam
722 2880 754 2944 in
770 2879 897 2963 poesim
921 2878 1069 2962 quocirca
1084 2886 1334 2946 consentaneum

205 2987 253 3045 est
266 2980 405 3066 plurima
419 2987 545 3046 exstare
560 2980 708 3067 exempla
723 2980 807 3067 apud
824 2982 993 3066 scriptores
1008 2982 1179 3066 prosaicos.
1215 2981 1334 3050 Omnes

205 3090 308 3148 autem
344 3103 436 3149 casus
464 3083 510 3148 sic
532 3083 674 3168 usurpati
702 3091 788 3164 sunt,
823 3090 857 3148 ut
889 3085 963 3146 κατὰ
986 3085 1094 3147 σύνεσιν
1125 3094 1333 3170 ponerentur:

204 3187 327 3254 dativus
344 3189 385 3270 (r.
399 3206 430 3273 p.
444 3185 509 3270 17),
533 3187 731 3254 accusativus
747 3188 791 3269 (v.
804 3208 834 3273 p.
848 3188 915 3271 20),
938 3189 1151 3254 nominativus
1165 3189 1207 3274 (v.
1221 3209 1251 3275 p.
1265 3189 1332 3272 21).

289 3289 310 3354 l.
335 3291 386 3372 Ac
408 3291 566 3378 primum
591 3290 638 3356 de
659 3289 805 3356 dativo:
841 3290 909 3357 Hoc
932 3290 1026 3358 modo
1043 3295 1146 3377 potest
1169 3291 1333 3380 explanari

202 3391 281 3458 illud
302 3389 503 3460 Homericum
528 3391 651 3479 quoque
673 3418 689 3482 p
712 3393 788 3457 555:

719 3500 900 3585 μεταλλῆσαί
922 3502 948 3562 τί
971 3501 984 3564 ἑ
1008 3501 1102 3584 θυμὸς

357 3604 533 3690 ἀμφίπόσει
556 3605 678 3683 κέλεται,
703 3607 751 3669 καί
773 3607 863 3691 κήδεά
885 3627 937 3694 περ
960 3593 1115 3690 πεπαθυίῃ,

287 3705 367 3774 Νιιιιι
392 3711 487 3774 etiam
511 3711 640 3777 verbum
663 3712 801 3775 κέλεσθαι
825 3731 921 3778 causa
938 3711 1034 3778 fuisse
1051 3719 1165 3797 potest,
1190 3731 1245 3778 our
1258 3731 1333 3798 par·

201 3811 343 3897 ticipium
383 3833 519 3897 nequens
556 3815 588 3880 in
630 3815 737 3884 dativo
774 3822 958 3902 poneretur,
997 3834 1067 3880 oum
1106 3814 1165 3882 hoc
1204 3816 1332 3883 verbum

201 3911 368 3998 dupliciter
391 3917 540 4000 coniungi
554 3913 674 3986 'liceret
696 3929 728 3986 et
751 3940 822 3986 cum
846 3938 921 3986 casu
936 3919 1030 3986 tertio
1047 3926 1079 3985 et
1093 3924 1219 4003 quarto3
1239 3927 1333 4004 atque

201 4035 238 4081 eo
268 4018 370 4101 magis
396 4019 471 4086 icrri
498 4027 602 4106 potest
628 4021 707 4090 hacc
736 4041 866 4090 casuum
899 4022 1062 4105 enallage,
1095 4021 1180 4106 quod
1202 4022 1332 4089 verbum

200 4118 338 4184 κε’λεσθαι
361 4121 558 4188 interiectum
583 4133 631 4190 est
654 4125 735 4190 inter
758 4144 932 4211 pronomen
956 4133 987 4190 ct
1009 4125 1223 4210 participium
1251 4146 1332 4208 quae

1212 4228 1228 4283 2
